2972 4868
276 414 339 478 340
763 412 903 468 Fritzsche

276 593 425 674 κίρκ-ας,
460 585 499 654 cf.
537 585 614 654 Hes.
651 589 811 670 κρίκος·
854 589 970 670 κίρκος
1007 590 1040 651 et
1076 587 1232 668 κίρκοι·
1275 587 1390 670 κρίκοι.

276 681 437 771 ἆρπάγαι.
475 685 533 750 καὶ
561 681 673 749 πάντα
701 682 743 747 τὰ
771 682 951 769 ἐπικαμπῇ
978 687 1121 767 κίρκοι
1151 681 1321 766 λέγονται,
1356 681 1392 770 cl.

276 788 437 866 κρίκ-α·
471 786 587 866 κρίκον
615 780 659 846 id.
683 785 780 859 (nom.
803 780 931 866 κρίξῗ),
964 799 1025 846 nec
1045 799 1112 846 uon
1135 781 1191 846 lat.
1215 780 1346 842 eir-cus
1365 787 1395 845 ct
1474 787 1475 828 l

276 885 478 964 κίρ-κ-ας
500 878 613 945 cauda.
645 878 767 958 Quibus
782 879 930 944 omnibus
945 878 1114 944 statuimus
1136 877 1279 944 radicem
1294 875 1394 957 tuat,

275 977 372 1041 lora-lc
394 977 605 1060 duplicatam:
642 995 718 1043 nam
746 974 938 1059 quamquam
967 973 1007 1036 ltu
1029 974 1177 1040 suffixum
1201 994 1275 1042 esse
1296 981 1396 1058 potest

276 1075 310 1140 in
332 1075 465 1142 vocibus
493 1074 617 1158 graccis
639 1081 672 1140 et
698 1074 808 1140 latinis
835 1073 977 1158 (praeter
998 1071 1181 1156 nimy-ere),
1219 1078 1331 1139 tamen
1357 1075 1399 1138 ita

276 1179 401 1238 tantum
423 1171 615 1254 intelligitur
635 1190 719 1254 quae
739 1172 821 1238 ratio
842 1169 1021 1237 intercedat
1047 1171 1131 1236 inter
1151 1189 1249 1236 voces
1271 1190 1401 1254 graecae

276 1277 309 1336 et
330 1269 542 1354 germanicas.

362 1364 539 1431 κολοκῦ
495 1390 710 1453 -.-υιτη
748 1367 874 1447 Nomen
910 1305 1071 1448 quoddam
1108 1363 1217 1428 tau-a
1254 1365 1400 1448 „‘Wulst‘
1476 1440 1477 1454 ρ

276 1464 386 1530 statuit
408 1463 540 1530 Fickius
562 1464 645 1546 „Die
666 1463 924 1546 Indogermanen
947 1463 1084 1548 Europa
1086 1463 1178 1546 s“p
1200 1465 1253 1546 78,
1279 1464 1401 1530 collatis
1476 1475 1477 1500 ί

277 1562 333 1626 lat.
355 1562 490 1632 culo-ito,
506 1561 554 1626 lit.
569 1559 678 1624 lullo-d
699 1561 825 1644 globus,
850 1580 909 1628 scr.
925 1559 1043 1624 cort-a
1064 1560 1244 1643 fasciculus,
1269 1562 1399 1642 culcitu;

277 1657 391 1724 eodem
414 1659 534 1742 optime
558 1657 696 1742 quadrat
717 1656 909 1744 κολρκύντη,
932 1657 1104 1737 cucurbita,
1128 1665 1160 1724 et
1185 1658 1213 1724 si
1235 1661 1402 1724 statuimus

278 1755 418 1822 radicem
441 1755 509 1828 tor,
533 1755 588 1818 ίιιί
608 1755 780 1821 rotundum
802 1774 875 1822 esse
900 1759 970 1831 (scr.
993 1753 1097 1818 liclro
1117 1763 1204 1836 rota,
1227 1754 1401 1838 κύ-κλ-αςι,

278 1853 374 1919 etiam
398 1854 596 1936 palaeoslov.
616 1852 809 1938 po-lrlpc-ati
828 1854 954 1918 curvari
977 1851 1027 1935 (F.
1050 1853 1094 1918 ib.
1118 1851 1206 1938 230).

364 1949 579 2027 κολοσσός.
603 1985 645 1996 -
667 1951 755 2018 Inter
777 1969 849 2016 eam
870 1949 1012 2016 radicem
1034 1951 1104 2031 κοί,
1127 1969 1223 2033 quam
1245 1949 1402 2036 praebent

277 2045 442 2124 κολ-ωκός
469 2046 642 2136 aot-otpolt
664 2084 707 2094 -
728 2045 895 2135 κορ-υφή,
929 2049 984 2113 lat.
1014 2049 1129 2112 cet-sus
1156 2049 1315 2112 ccc-cel-lo
1345 2049 1404 2112 col-

277 2165 370 2207 umna
391 2146 524 2208 cul-men
547 2146 651 2208 col-lio
680 2153 713 2212 et
740 2143 906 2222 κολοσσός
933 2139 1090 2212 rationem
1119 2145 1284 2229 quandam
1311 2147 1404 2212 iuter·

277 2241 392 2309 cedere
428 2243 608 2326 suspicatus
641 2249 690 2310 est
725 2242 759 2308 0.
789 2241 946 2308 Grundn⁴
978 2247 1047 2307 152.
1105 2242 1209 2322 Quam
1246 2243 1403 2310 rationem

277 2341 413 2406 fortasse
447 2341 623 2424 duplicatio
656 2340 805 2424 praebet:
842 2339 923 2402 Ιιιιίι
959 2341 1044 2406 enim
1076 2340 1170 2406 radix
1204 2342 1404 2424 cognoscitur

278 2439 406 2504 collatis
437 2439 568 2522 reliquis
601 2458 684 2522 quae
715 2437 778 2502 huo
809 2427 961 2503 redeunt:
998 2457 1057 2504 sor.
1086 2435 1165 2521 Ιιανρ
1196 2457 1404 2512 macrescere,

277 2533 386 2620 Ιιρρ-ιι
404 2555 521 2617 macer,
549 2537 694 2619 gracilis,
716 2536 843 2618 priscae
863 2535 993 2619 linguae
1013 2535 1123 2613 (lest.)
1141 2545 1320 2599 croc-ermes
1337 2556 1404 2620 gra-
1478 2549 1479 2552 ’

279 2635 357 2701 cilet
375 2634 473 2718 (quod
489 2633 576 2700 idem
594 2654 613 2700 e
630 2654 718 2696 cruo-
733 2640 836 2698 ortum
854 2639 925 2715 est),
947 2653 1015 2716 age.
1027 2632 1119 2696 Ιιίακο
1135 2633 1276 2716 gracilis,
1289 2653 1403 2714 macer,

277 2752 385 2814 gracc.
401 2729 610 2810 κολεκ-άνας,
623 2727 823 2808 nolon-ciros
837 2749 945 2796 macer
959 2728 1136 2808 (κολοσσός
1151 2763 1193 2784 ⁸-
1208 2731 1405 2816 nolon-joc).

280 2831 329 2894 De
366 2848 406 2895 oa
442 2849 538 2912 quam
566 2829 660 2895 radix
690 2847 806 2911 graeca
841 2829 974 2912 praebet
1009 2829 1115 2894 vocali
1151 2830 1275 2896 inserta
1303 2830 1344 2896 ci.
1374 2828 1404 2894 0.

280 2925 436 2994 Grundz.⁴
459 2931 531 2991 720.
567 2962 610 2974 -
645 2926 758 2992 Utrum
787 2923 968 3011 κρόσσαι
996 2925 1061 2992 sint
1085 2920 1203 3017 ἄκραι,
1238 2925 1405 3015 στεφάναι

279 3030 346 3089 τῶν
382 3021 519 3108 πύργων
556 3045 599 3089 an
634 3023 796 3104 κλίμακες
839 3023 936 3105 (quod
970 3023 1072 3088 voluit
1107 3023 1330 3106 Aristarchus,
1370 3023 1406 3090 cl.

279 3121 405 3187 Lehrs²
433 3124 508 3200 225)
537 3141 602 3186 non
632 3118 831 3204 dijudico'⁰):
868 3127 1003 3202 utraque
1030 3127 1137 3187 autem
1164 3121 1215 3188 vis
1242 3142 1406 3188 unacum

280 3219 384 3284 forma
404 3217 467 3284 huc
489 3218 609 3302 optimc
631 3220 853 3303 quadrat.—
884 3218 931 3285 cf
954 3216 1102 3282 nolon!
1058 3235 1181 3296 maog·
1203 3216 1266 3296 τὰς
1287 3217 1405 3302 βαλβῖ-

282 3314 343 3394 ὁάς
364 3339 454 3394 τινες
476 3316 552 3382 Hcs.

365 3418 484 3498 κρίκε
515 3414 612 3490 (-δ
613 3413 749 3500 ὲζύγον
771 3421 810 3481 Π
828 3417 902 3488 480)
930 3415 983 3498 qui
1010 3419 1113 3478 crtum
1142 3351 1184 3478 slt
1205 3433 1224 3479 c
1247 3413 1349 3499 κρίζω
1372 3419 1404 3478 ut

280 3513 395 3578 volunt
415 3511 636 3597 lexicographi
658 3533 722 3578 non
748 3513 947 3597 perspicitur.
991 3510 1126 3578 Videtur
1146 3517 1255 3578 autom
1277 3531 1330 3578 res
1352 3529 1403 3576 en·

281 3610 385 3694 pediri
409 3610 521 3676 huuc'
512 3631 547 3675 rn
568 3610 708 3676 modum.
737 3609 799 3674 Ιιαι·
813 3609 889 3688 (tat)
911 3609 1052 3676 radicem
1075 3609 1255 3692 complures
1275 3609 1403 3692 linguae

281 3709 453 3791 praebent:
490 3727 550 3773 scr.
570 3705 750 3771 lic-Irar-mt
770 3707 878 3789 laudo,
908 3707 1044 3786 καί-ιω,
1067 3706 1196 3778 ccl-ore,
1226 3706 1402 3789 pal-germ.

286 3854 489 3866 --.,.-.....-.

351 3932 383 3995 ²⁰)
411 3931 526 3988 Videtur
543 3936 634 3988 autem
651 3933 758 3989 elucere
775 3949 809 3989 ex
826 3931 955 3988 Herodot.
975 3937 1000 3998 2,
1021 3935 1083 4002 trs,
1110 3931 1157 3986 ubi
1176 3927 1316 4002 στεφάνας
1331 3931 1401 3986 solas

283 4011 431 4080 intelligere
448 4012 518 4068 licet
