2972 4868
278 416 341 480 282
778 421 919 476 Fritzsebe

277 599 473 659 attenuatur:
508 590 639 675 ἐἰι-σψς
663 591 873 658 consonarum
888 598 995 658 autem
1012 593 1267 660 dissimilationis
1289 593 1402 660 eadem

278 697 327 756 est
348 690 417 756 lex:
441 687 654 776 ιτσρ-φάρ-ω.

363 785 396 871 2)
433 788 672 870 Nonnunquam
699 787 821 854 formae
841 787 978 854 libratae
999 796 1033 854 et
1053 788 1241 855 imminutae
1261 808 1327 854 una
1353 808 1404 854 cx·

276 891 363 949 tant:
400 882 590 967 βα-βά-ζω
614 883 940 968 ἒμ-βι-βά-ξ·αντες,
963 882 1065 950 aei-rc
1087 891 1220 964 τέττα,
1242 885 1404 970 γαρ-γαλ-

277 981 337 1060 άζω
360 982 592 1066 γαγ-γαλ-ίζω,
615 983 836 1067 ταρ-ταρ-ίζω
859 981 1106 1066 ταν-θαρ-ύζω.

339 1077 395 1164 ,3)
433 1081 632 1146 Testimonio
662 1087 736 1146 sunt
771 1081 912 1164 perlecta
941 1099 1025 1163 quac
1053 1079 1202 1146 dicuntur
1231 1081 1329 1146 attice
1358 1099 1403 1145 re-

276 1175 441 1260 duplicata
462 1197 503 1243 ea
524 1197 657 1260 querum
679 1176 772 1242 radix
793 1199 859 1243 nen
881 1184 949 1243 tota
969 1178 1108 1261 repetita
1130 1185 1198 1244 est:
1232 1174 1402 1242 ὀά-ιάδυσ-

275 1297 337 1355 μαι
359 1275 396 1340 R.
421 1272 520 1351 ὀδυς,
555 1277 608 1340 vel
638 1283 801 1358 co1repta:
839 1273 1040 1361 dyp-p'yop-cc
1068 1277 1106 1340 R.
1129 1274 1217 1362 ἐγερ.
1261 1273 1401 1354 Quorum

275 1371 515 1438 similitudinem
545 1380 721 1456 sequuntur
742 1367 974 1458 άγ-αγάρ-της,
998 1371 1153 1456 ι’β-ιβά-ς.

818 1543 857 1606 Α.

361 1659 513 1724 Dicemus
534 1666 641 1725 autem
666 1660 706 1725 de
729 1661 775 1725 eis
797 1661 935 1742 primum
957 1659 1130 1742 radicibus,
1154 1679 1237 1742 quae
1259 1660 1293 1726 in
1309 1679 1398 1726 roca-

274 1757 342 1822 lem
364 1755 525 1822 desinunt.

358 1853 651 1937 βα-βά-ζ-ειν·
686 1855 725 1918 τὸ
760 1859 877 1941 (suppl.
906 1856 964 1944 μὴ)
1006 1853 1249 1940 διηρθρωμένα
1280 1856 1396 1939 λέγειν.

275 1948 361 2015 ἔνιοι
395 1951 430 2018 δὲ
464 1957 560 2034 βοάν.
605 1953 769 2038 (Hesycb.)
797 1955 925 2021 ridetur
952 1955 1039 2020 idem
1062 1971 1133 2018 csse
1154 1959 1252 2036 atque
1273 1951 1395 2035 βάζειν,

273 2055 368 2112 aucta
401 2056 509 2114 tamen
543 2049 586 2112 vi.
638 2049 736 2133 Cujus
767 2053 857 2117 verbi
890 2053 1047 2135 originem
1078 2070 1143 2114 non
1177 2058 1262 2114 recte
1294 2051 1397 2114 docuit

273 2145 428 2228 Benfejus
462 2145 604 2229 (Griech.
634 2147 890 2215 Wurzellexiccu
918 2150 966 2230 ΙΙ,
991 2145 1046 2232 62)
1079 2167 1141 2212 nec
1163 2149 1394 2215 Grassmannus

274 2242 409 2319 (Kuhnii
431 2245 554 2310 Ztschr.
579 2249 628 2324 12,
652 2248 719 2328 93),
747 2249 801 2329 qui
823 2268 882 2314 scr.
905 2247 964 2310 bbu
987 2251 1044 2328 (gr.
1068 2249 1187 2332 φη-μι)
1209 2247 1393 2328 interpreta-

272 2340 352 2406 tioni
381 2341 544 2406 adhibuit:
583 2343 634 2407 cui
661 2351 748 2409 recte
776 2344 967 2410 adversatus
996 2352 1045 2410 est
1074 2341 1160 2407 Cart.
1184 2342 1246 2408 Gai
1278 2365 1309 2428 p.
1327 2347 1391 2407 520.

268 2436 420 2521 ,Βαβάζω
443 2446 550 2513 autem
573 2461 639 2504 nou
662 2459 733 2506 esse
755 2441 925 2506 formatum
947 2451 981 2506 ut
1003 2440 1043 2506 ἑά
1066 2439 1129 2520 ἔξω
1152 2441 1206 2504 vel
1229 2441 1287 2526 ῥεγ
1305 2439 1390 2526 ῥέζω,

273 2535 331 2602 sed
353 2543 388 2600 ut
412 2542 457 2619 βα
479 2535 678 2620 βι-βά-ζ-ω,
716 2540 890 2605 conicimus
919 2559 960 2605 ex
988 2539 1061 2604 aliis
1090 2537 1255 2603 nonnullis
1285 2537 1390 2620 glossis

272 2633 502 2717 Hesychianis:
528 2633 747 2720 βά-βα-λσ-ν·
769 2635 957 2720 κραάγασσν
980 2633 1158 2712 Λάκωνες.
1195 2633 1389 2718 βά-βα-κ-α·

272 2729 331 2795 τὸν
354 2729 485 2815 γάλλσν.
519 2731 718 2816 βά-βα-ιωι·
748 2727 816 2798 ὑπὸ
837 2730 975 2798 Ἠλείων
997 2739 1160 2817 τέττιγες,
1183 2727 1251 2798 ὑπὸ
1275 2737 1389 2798 Παντι-

273 2835 340 2892 auto
365 2828 401 2893 δὲ
424 2827 597 2914 βάτραχοι.
631 2827 777 2912 βά-βα-ξ
799 2828 933 2914 (Archil.
957 2831 994 2896 fr.
1019 2835 1058 2896 33
1081 2827 1222 2914 Be1·gk)·
1245 2828 1388 2912 μάταιος.

200 2963 201 2967 ,
272 2923 384 3002 λάλος.
408 2925 568 3011 φλύαρος.
606 2925 848 3014 βα-βά-κ-τρς·
872 2925 1059 3016 ὀρχηστής..
1079 2923 1243 3014 ὗμνῳόός.
1272 2925 1389 3010 μανιώ-

275 3024 346 3110 δης.
369 3021 569 3108 κραύγασσς.
592 3021 793 3106 βα-βά-ξαι’
817 3022 1034 3111 ὀρχήσασθαι
1053 3027 1133 3103 (scil.
1149 3045 1220 3090 eum
1236 3027 1389 3102 clamore).

272 3123 425 3186 Attamen
454 3121 546 3186 nulla
574 3121 676 3186 forma
704 3121 857 3206 simplicis
891 3123 982 3188 verbi
1016 3121 1108 3208 βάζω
1148 3127 1251 3202 extat,
1291 3143 1309 3189 c
1336 3140 1389 3204 qua

273 3219 399 3285 eluceat
419 3218 561 3282 radicem
584 3219 654 3301 ejus
676 3241 742 3284 non
764 3221 798 3284 in
820 3243 840 3303 y
863 3219 1017 3285 desivisse
1046 3218 1149 3303 (βάξω
1174 3218 1280 3302 ἔβαξα
1301 3219 1388 3304 βάξις

271 3312 402 3400 βάγμαε
436 3313 592 3397 βαστάζω
615 3311 792 3400 βάσταγμα
814 3314 1003 3398 βάστασις),
1027 3325 1059 3382 et
1080 3317 1114 3382 id
1136 3318 1240 3382 solum
1263 3323 1386 3396 constet,

271 3411 490 3497 βά-βα-λσ-ν,
520 3409 717 3497 βά-βα-κσι,
740 3411 948 3498 βα-βά-ζ-ω,
978 3415 1005 3480 si
1029 3414 1173 3498 quidem,
1204 3422 1239 3480 ut
1261 3416 1385 3492 videtur,

273 3534 314 3580 ex
335 3534 401 3580 una
423 3511 522 3594 stirpe
543 3519 621 3576 nata
643 3518 731 3589 sunt,
756 3532 773 3576 e
796 3513 833 3577 R.
856 3516 902 3594 βα
924 3519 1001 3577 nata
1023 3533 1110 3578 esse:
1147 3512 1290 3578 radicem
1312 3511 1384 3577 enim

273 3633 338 3676 non
354 3630 425 3677 esse
440 3613 517 3691 βαβ,
533 3615 568 3671 ut
582 3609 651 3674 vult
665 3609 797 3676 Fickius
812 3609 994 3691 Indogerm.
1007 3609 1163 3676 Wdrterb.
1181 3609 1232 3674 ed.
1249 3614 1278 3674 2.
1295 3632 1323 3693 p.
1333 3611 1380 3672 131

274 3708 325 3786 (ct.
348 3711 542 3791 βαμβ-αίνω
565 3706 659 3782 inira)
689 3708 794 3773 elucet
816 3727 856 3772 ex
878 3707 1101 3789 Hipponacteo
1130 3707 1179 3784 (tr.
1203 3711 1243 3772 53
1266 3707 1313 3782 Β.)
1334 3703 1382 3785 ἒμ-

273 3803 517 3888 βι-βά-ξαντες.
563 3805 613 3869 Ι)θ
634 3803 785 3889 βαβάζω,
809 3802 938 3888 βαβίζω
961 3811 1083 3888 autem,
1111 3821 1195 3886 quae
1217 3802 1278 3868 huc
1298 3801 1380 3868 refert

274 3903 321 3984 R,
350 3923 380 3967 v.
403 3901 515 3984 Steph.
537 3901 676 3967 thesaur.
699 3923 724 3967 s.
747 3923 777 3967 v.
800 3899 922 3984 βαΰζω.

358 3996 554 4086 βη-βή-ν·
587 3997 759 4083 πρόβατον
792 3998 890 4076 (Hes.)
924 4019 1040 4064 nomen
1073 4004 1121 4063 cst
1149 4017 1190 4064 ex
1220 3998 1286 4064 ovis
1312 4008 1377 4060 voce

1473 1173 1474 1184 l

1473 1217 1474 1226 r

1473 1853 1474 1860 u

1473 1895 1474 1902 u

1414 3465 1417 3472 Ι

1406 3725 1409 3736 s

1473 4731 1474 4740 r

1473 4759 1474 4770 l
