2972 4868
172 321 176 332 '
262 345 326 408 aaa
749 347 891 406 neman

261 521 389 606 positio,
412 539 507 604 quam
530 519 725 605 duplicatam
747 521 881 605 praebet
902 518 1167 606 scateat),
1190 520 1229 586 cf.
1251 541 1309 587 sor.
1332 524 1389 584 do·

261 617 468 691 ascriho-am,
492 637 559 683 aor.
581 619 672 684 verbi
694 619 849 690 (ιω-(θήν,
874 617 1049 701 despicere.

346 713 601 801 ἠρύκ-ακ-ον
624 723 674 783 est
694 716 832 782 acrisius
853 715 944 782 verbi
966 713 1101 800 ἕρύκ-ω,
1126 715 1218 800 eujus
1231 717 1269 782 R.
1289 711 1388 799 ipo-r

260 833 402 880 consona
434 813 681 880 determinativa
712 813 812 880 crevit
844 831 885 879 ex
913 810 971 895 ἒρυ
1000 811 1143 898 (apd-m).
1185 813 1282 882 Unde
1313 833 1389 896 pro·

259 913 377 979 fectum
420 908 476 978 est
510 908 715 997 ἒρυκ·ακ·εῖν
760 909 812 988 (cl.
856 908 1140 990 δαι-ὁύσσεσθαι,
1183 908 1387 997 pra-pipam)

187 1042 190 1058 ι
260 1009 436 1094 posteriore
458 1015 582 1074 tantum
604 1007 722 1074 radicis
749 1014 842 1090 parte
866 1008 1021 1092 repetita,
1055 1007 1147 1092 cujus
1175 1009 1223 1075 rei
1250 1009 1387 1074 alterum

261 1107 443 1191 exemplum
471 1126 537 1172 non
560 1111 649 1172 extat
670 1104 704 1170 in
726 1103 838 1187 lingua
862 1123 994 1187 graeca,
1023 1106 1125 1172 multa
1153 1113 1263 1172 autem
1284 1105 1319 1172 in
1341 1125 1390 1171 se

260 1203 377 1296 miticis
399 1203 495 1285 (Pott,
518 1203 713 1287 Doppelung
737 1205 828 1273 llil:
871 1203 934 1268 nisi
962 1208 1106 1286 praestat
1126 1203 1285 1287 proficisci
1306 1224 1328 1268 a
1349 1204 1388 1267 R.

260 1326 360 1386 sap-a
384 1300 605 1382 determinata,
629 1318 712 1382 quae
734 1321 751 1361 o
773 1299 927 1366 insertum
949 1300 1075 1383 accepit
1097 1299 1147 1377 (cl.
1171 1301 1210 1367 R.
1230 1301 1293 1366 aut
1308 1301 1389 1365 καλ-

260 1397 429 1474 ύ-πψω).
533 1419 535 1424 ·

491 1632 516 1694 ᾗ.
536 1635 559 1683 5.
595 1628 647 1683 ΒΕ
664 1625 938 1685 DUPLICATIONE
956 1627 1152 1683 INFRACTA.

344 1766 373 1832 A
393 1765 619 1850 duplicationis
639 1768 787 1836 inversae
809 1768 920 1852 paucis
941 1767 1099 1850 exemplis
1121 1763 1229 1831 differt
1249 1766 1387 1830 alterum

261 1881 363 1946 genus
386 1862 612 1947 duplicationis
634 1864 780 1947 suffixaa
800 1864 886 1948 quod
907 1863 1076 1928 infractum
1091 1865 1289 1931 vocavimus.
1321 1867 1388 1930 Ex-

259 1968 331 2044 tant
352 1961 437 2026 enim
459 1960 585 2028 radices
606 1964 798 2044 nonnullae,
821 1963 910 2028 velut
929 1981 1007 2044 pup,
1030 1982 1120 2044 perp,
1143 1981 1225 2043 quae
1248 1964 1291 2028 ab
1312 1964 1387 2030 aliis

259 2057 447 2142 synonymis
469 2063 530 2142 (pu,
551 2062 622 2147 por)
645 2078 683 2124 co
706 2066 830 2126 tantum
853 2059 1018 2134 diffemnt,
1042 2059 1127 2140 quod
1148 2059 1184 2124 in
1206 2059 1271 2126 fine
1292 2068 1386 2126 aucta

259 2161 333 2223 sunt
360 2155 474 2222 eadem
503 2175 647 2222 consona
675 2177 770 2239 quum
799 2158 833 2222 iu
859 2157 952 2222 initio
976 2156 1143 2239 praebent.
1187 2156 1276 2238 Quas
1307 2165 1385 2242 puto

257 2254 303 2320 ita
325 2259 413 2320 ortas
435 2271 522 2334 esse,
553 2259 588 2318 ut
609 2253 734 2320 radices
755 2255 918 2320 breviores
941 2252 1124 2336 duplicatae
1153 2259 1279 2338 (qu-pu,
1310 2277 1384 2338 pur·

256 2355 346 2436 por),
380 2356 549 2436 postquam
581 2351 616 2416 in
644 2371 741 2416 unam
770 2353 861 2433 quasi
891 2370 1008 2416 novam
1037 2350 1178 2418 radicem
1208 2353 1383 2418 coaluerint

258 2456 368 2533 (papa,
401 2452 550 2532 perper),
584 2468 607 2512 a
635 2447 699 2514 fine
726 2449 860 2514 mutilae
888 2446 1063 2514 evaderent
1097 2453 1185 2532 (puy,
1215 2459 1307 2532 perp)
1345 2470 1381 2516 eo

256 2555 400 2630 tempore
432 2565 494 2628 quo
522 2545 648 2611 radices
677 2545 769 2628 ipsae
790 2547 960 2611 verborum
989 2545 1061 2609 loeo
1089 2566 1148 2611 usu
1170 2547 1283 2613 venire
1304 2567 1383 2612 non·

257 2643 334 2710 dum
355 2643 548 2710 desiverant.

343 2741 426 2806 Nam
455 2759 495 2806 ea
529 2761 624 2823 quam
652 2762 756 2827 nuper
790 2740 922 2824 protulit
951 2738 1118 2805 Windisch
1147 2739 1214 2804 KZ.
1239 2743 1296 2820 21,
1319 2743 1377 2805 395

256 2838 298 2904 de
326 2839 377 2906 his
406 2839 573 2904 vocabulis
601 2841 762 2906 sententia
782 2857 895 2904 vereor
922 2844 957 2902 ut
978 2836 1107 2920 probari
1129 2837 1241 2920 possit.
1287 2838 1378 2902 Putat

256 2935 341 3002 enim
371 2957 452 3018 perp
492 2939 563 3011 (ser.
595 2934 685 3019 porp')
724 2935 866 3002 radicem
898 2955 963 3000 non
996 2933 1154 3016 prodiisse
1185 2954 1204 3000 e
1235 2956 1374 3018 pompm,

255 3032 313 3099 sed
352 3053 370 3099 e
407 3053 524 3116 por-po
553 3057 561 3098 :
589 3055 631 3116 po
674 3041 781 3100 autem
824 3051 895 3098 esse
937 3031 1078 3096 radicem
1102 3029 1108 3048 ³
1128 3031 1321 3114 primitivam
1358 3053 1377 3093 r

255 3149 397 3196 consona
429 3127 675 3196 determinativa
712 3130 856 3197 nondum
891 3135 1028 3194 anetam.
1078 3128 1232 3195 Similiter
1265 3149 1375 3212 po-par

255 3865 459 3876 ...ι-..ι’-

327 3948 359 4013 ¹⁵)
377 3961 394 4002 a
411 3963 465 4016 quo
483 3945 573 4003 differt
589 3945 925 4018 προπροκυλινδόμενοςχ
944 3951 1002 4002 221.

254 3227 430 3310 perlectum
466 3235 498 3293 et
541 3227 684 3311 perlecta
721 3227 847 3309 reliqua
881 3247 947 3292 non
982 3232 1181 3292 attenuatam
1225 3227 1375 3310 praebere
1467 3219 1468 3282 l

254 3327 392 3409 priorem
415 3325 585 3408 syllabam,
609 3324 748 3391 sednon
770 3332 897 3389 auctam
919 3331 1059 3407 tantum3
1081 3323 1190 3407 itaque
1213 3332 1246 3390 et
1264 3344 1372 3408 gro-par

255 3429 287 3489 et
307 3443 423 3506 pur-po
451 3441 522 3488 esse
549 3444 591 3506 po
619 3428 652 3488 ct
679 3443 755 3506 pra-r
782 3421 908 3488 radices
937 3423 1132 3506 compositas.
1177 3420 1236 3486 Oui
1264 3421 1370 3486 rationi

255 3519 423 3602 ingeniose
443 3518 597 3586 inventae
622 3555 664 3566 -·-
692 3519 720 3585 si
742 3538 802 3584 mew
816 3518 908 3584 dccet
933 3519 1067 3585 laudare
1094 3520 1197 3584 virum
1226 3536 1370 3602 praecep-

254 3623 355 3684 torem
377 3652 418 3662 -
440 3615 567 3682 videtur
589 3618 726 3698 obstare,
750 3615 835 3700 quod
849 3636 1011 3682 consonae
1027 3617 1292 3684 determinativae
1311 3633 1366 3679 non

254 3713 381 3779 fuerunt
403 3713 625 3780 additamenta
640 3715 726 3779 omni
741 3712 942 3798 significandi
957 3715 989 3778 vi
1005 3714 1167 3797 destituta,
1190 3712 1248 3780 scd
1268 3710 1366 3794 magni
