2958 4868
288 438 347 501 tos
782 421 913 513 Mausolo

283 613 422 698 priorem
450 616 595 682 vooalem
624 615 813 699 surripiunt,
851 617 967 698 quasi
995 617 1282 700 produetiouis
1311 641 1400 685 onus

284 713 331 780 ab
361 711 435 778 hae
464 713 644 778 ablatum
672 715 884 798 proximae
910 715 1046 780 rosuli
1075 715 1314 800 injungunt:
1350 718 1400 784 ita-

284 829 346 892 que
363 810 488 876 {ermae
511 811 653 876 existunt
674 811 857 895 βασιλέως,
880 811 1037 893 fluertem,
1060 815 1228 894 βασιλέων
1255 814 1359 898 (eujus
1378 839 1400 877 ω

283 927 348 974 non
369 907 508 991 amplius
535 907 668 991 produoi
696 913 825 991 potest).
867 909 941 974 Jam
965 909 992 974 si
1012 917 1098 976 reete
1119 913 1207 978 illius
1227 913 1398 978 affeetionis

282 1010 401 1070 natura
414 1009 463 1070 est
478 1004 619 1089 definita,
635 1005 841 1090 intellegitur,
864 1007 945 1072 nihil
964 1007 1102 1086 obstare,
1125 1011 1296 1092 quominus
1312 1011 1398 1076 etiam

283 1127 330 1168 ωο
353 1102 388 1168 in
410 1126 469 1184 οω,
492 1102 536 1167 ᾶᾶ
557 1104 591 1168 in
614 1103 659 1167 ἇᾱ
678 1105 793 1168 mutari
815 1123 911 1186 posse
933 1103 1110 1171 credamus.
1147 1107 1212 1174 Sed
1235 1115 1269 1173 ut
1290 1109 1399 1174 oei-tius

282 1201 344 1266 hae
366 1199 407 1266 de
428 1219 463 1266 re
480 1199 639 1282 judicium
660 1200 744 1267 ferre
771 1201 945 1285 possimus,
979 1205 1129 1286 exempla
1155 1213 1230 1270 'sunt
1258 1211 1402 1270 auourate·

282 1297 466 1380 eolligenda
488 1297 763 1382 disponendaque.
842 1311 857 1324 ‘

367 1396 409 1460 Et
430 1395 567 1478 primum
590 1396 719 1478 quidem
741 1396 838 1478 longe
859 1395 1117 1479 frequentissima
1135 1405 1183 1466 est
1199 1419 1239 1466 ea
1261 1401 1399 1480 mutatio,

283 1513 346 1575 qua
375 1513 416 1560 ex
438 1503 478 1556 ᾶο
507 1492 542 1557 fit
564 1494 663 1577 aur.¹⁷)
708 1493 796 1558 Haeo
824 1493 895 1576 jam
924 1496 1012 1579 apud
1041 1497 1211 1564 Homenrm
1245 1497 1400 1563 invenitur

281 1591 317 1659 in
338 1591 463 1656 nomine
481 1611 587 1673 propr.
609 1591 644 1656 in
666 1595 747 1667 -ᾶος
770 1592 960 1658 exeuntibus
981 1619 1023 1638 -·-
1038 1593 1194 1677 imprimis
1212 1594 1246 1658 in
1263 1596 1310 1661 eis
1325 1615 1400 1678 quae

283 1707 353 1754 oum
387 1685 468 1764 λᾶός
499 1688 675 1770 eomposita
707 1695 797 1770 sunt,
822 1683 1029 1772 ¹quamquam
1059 1691 1197 1774 simplex
1229 1711 1295 1758 vox
1326 1691 1399 1769 λᾱός

283 1805 446 1868 nunquam
468 1784 555 1869 apud
578 1803 650 1850 eunr
672 1785 986 1853 transmutationem
1008 1789 1129 1870 potitur
1147 1825 1189 1835 -
1211 1809 1288 1873 eg.
1314 1785 1400 1874 Ἀγέ-

228 1955 231 1960 ·
283 1883 368 1960 λεως
388 1907 409 1964 χ
428 1885 496 1947 131.
521 1885 593 1964 247,
616 1883 798 1969 Πηνέλεως
819 1889 850 1948 Β
867 1887 938 1966 494,
962 1888 1074 1965 Post,
1100 1882 1286 1970 Άκρόνεως
1302 1893 1330 1952 θ
1347 1893 1394 1952 111

283 2001 341 2064 pro
359 1977 515 2064 Ἀγέλεως
537 1986 597 2045 eet.
630 1981 710 2046 Item
733 1981 767 2045 in
788 1979 868 2046 Iade
890 1987 922 2046 et
942 1984 1074 2050 nomina
1095 1984 1225 2067 propria
1240 1991 1272 2050 et
1286 1986 1399 2068 appell.

284 2099 344 2146 usu
366 2077 501 2144 veniunt
523 2077 674 2156 (Bredou.
698 2077 728 2144 d.
752 2078 783 2142 d.
806 2079 925 2144 Herod.
952 2083 1010 2145 137
1026 2099 1094 2163 sqq.
1120 2084 1190 2145 169.
1213 2085 1290 2156 249)
1312 2081 1397 2158 λεώς,

283 2176 476 2258 Μενέλεως,
503 2171 735 2259 Ἀρκεσίλεως,
757 2174 872 2258 ἵλεως,
894 2173 1093 2262 ἀξιόχρεως,
1118 2177 1281 2260 δίμνεως,
1311 2187 1397 2262 atque

282 2274 316 2338 in
337 2271 487 2340 Atthide:
524 2270 624 2350 λεώς,
648 2271 744 2349 νεώς,
765 2269 932 2357 ἀνώγεων,
955 2273 1054 2352 ἵλεως
1083 2277 1152 2342 sim.
1177 2284 1210 2341 et
1231 2279 1398 2362 eomposito

282 2390 353 2438 oum
375 2370 505 2436 nomine
527 2375 570 2455 γῆ
591 2370 682 2435 velut
702 2369 884 2454 μεσόγεως,
906 2367 1061 2456 ὑπόγεως
1083 2379 1114 2447 (e
1135 2395 1259 2456 -γαως,
1283 2375 1395 2459 -γᾱγές,

282 2476 403 2553 -γᾱοςγ,
426 2487 508 2550 quae
529 2467 570 2533 ab
594 2467 701 2533 ioniea
723 2468 860 2534 diaieeto
882 2475 958 2534 sunt
978 2469 1197 2552 abjudioanda
1220 2473 1324 2549 (Bruti.
1339 2473 1359 2536 l.
1373 2492 1395 2536 o.

259 2559 262 2567 ’
286 2569 345 2632 139
368 2585 413 2648 sq.
443 2565 523 2631 Lob.
551 2563 595 2630 ad
625 2565 746 2649 Phryu.
770 2567 854 2642 298).
909 2567 1080 2634 Praeterea
1115 2569 1203 2651 apud
1233 2569 1394 2636 Homemm

282 2663 553 2730 substantivorum
581 2662 704 2746 primae
726 2663 806 2728 deut.
825 2664 861 2726 in
884 2687 942 2750 -ης
963 2666 1104 2746 genetivi
1126 2667 1159 2730 in
1183 2671 1221 2730 uo
1244 2669 1395 2733 alternant

283 2781 353 2826 eum
375 2761 485 2826 formis
506 2761 543 2830 iu
561 2784 641 2825 -εωι
675 2757 869 2845 flatandum,
890 2757 1071 2844 Ἀνρείόεω
1093 2765 1174 2845 sim,
1219 2766 1313 2830 uibus
1333 2783 1395 2830 oon·

283 2861 405 2925 stanter
426 2857 524 2922 utitur
546 2857 727 2922 Herodotus
751 2857 857 2928 (Bred.
880 2857 903 2922 1.
925 2878 952 2923 e.
976 2863 1037 2924 217
1059 2868 1137 2943 squ,
1160 2881 1232 2926 oum
1255 2862 1349 2928 Attioi
1366 2861 1393 2923 in

194 2978 200 2987 „
283 2955 334 3022 his
357 2955 484 3037 quidem
507 2955 665 3036 genetiuis
692 2953 869 3042 formandis
896 2955 1030 3022 multum
1058 2959 1099 3024 ab
1123 2959 1263 3025 Homero
1292 2960 1394 3025 diseas

283 3053 392 3118 serint.
427 3051 584 3117 ¹Herodoti
599 3059 709 3118 autem,
727 3053 857 3136 propria
879 3059 954 3118 sunt
975 3055 1071 3120 haee:
1096 3053 1319 3139 Ἀμυθέωνος,
1342 3061 1393 3118 (θι-

283 3152 401 3229 itomo,
425 3147 576 3226 ὀπέωνες
598 3170 656 3232 pro
680 3139 894 3231 Ἀμυθάονός
916 3157 976 3217 oet.

285 3305 490 3320 -.,....-.-..-..

265 3429 266 3433 =
356 3401 385 3454 ¹⁷1
413 3406 444 3452 ᾶο
469 3401 585 3470 primum
607 3401 636 3455 in
661 3422 692 3465 ην
715 3403 855 3457 transiisse
873 3403 963 3458 oredo.
997 3403 1040 3457 Ad
1058 3403 1170 3458 eandem
1188 3406 1344 3480 sententiam
1357 3402 1388 3456 in·

284 3481 386 3536 elinant
403 3479 514 3536 Ebelius
537 3481 571 3535 K.
590 3483 619 3535 Z.
637 3482 684 3547 VI,
703 3487 751 3536 219
778 3486 805 3537 et
827 3483 993 3538 Dietriohius
1017 3483 1080 3538 ibid.
1098 3483 1132 3549 X,
1151 3489 1212 3550 439,
1240 3501 1307 3554 quae
1331 3483 1388 3538 certe

283 3578 315 3617 oo
333 3561 473 3631 probatur,
495 3562 567 3630 quod
582 3562 611 3616 in
629 3563 693 3616 Iade
718 3561 824 3632 quidem
842 3563 924 3617 etiam
942 3562 959 3615 ἃ
978 3569 1042 3618 ente
1061 3583 1074 3614 ο
1093 3569 1214 3618 mutatur
1230 3567 1259 3620 in
1277 3584 1300 3620 r:
1327 3561 1386 3630 όρέο·

283 3660 342 3712 μεν,
361 3639 484 3709 ὁρέοντες
502 3647 551 3696 oet.
570 3644 658 3712 (eujus
671 3644 828 3698 mutationis
845 3644 922 3698 initia
936 3645 994 3712 jam
1011 3643 1084 3712 apud
1095 3645 1241 3700 Homerum
1259 3645 1385 3714 deprehen-

285 3721 398 3776 duntur:
419 3719 522 3788 ἤντεον,
539 3722 689 3792 μενοίνεον,
708 3723 760 3778 nisi
776 3725 844 3778 haee
862 3739 878 3776 a
895 3724 984 3778 verbis
1002 3724 1030 3778 in
1049 3743 1096 3778 -εω
1115 3732 1180 3780 sunt
1197 3725 1342 3788 derivanda,
1357 3718 1383 3773 cf·

200 3865 204 3871 K
284 3802 346 3859 adn.
367 3806 415 3867 m).
450 3803 595 3858 Praeterea
618 3820 680 3858 veno
698 3804 772 3858 haud
795 3805 987 3872 neglegendum
1011 3812 1066 3870 est,
1094 3807 1169 3874 ,quod
1192 3808 1220 3862 in
1244 3823 1276 3862 ea
1297 3812 1383 3872 qnoque

284 3883 383 3950 lingua,
400 3880 499 3950 inqua
513 3884 572 3938 sola
585 3883 677 3938 similis
687 3885 800 3940 mutatio
813 3885 955 3951 invenitur,
975 3898 1001 3938 ro
1020 3889 1070 3951 (ru)
1090 3890 1117 3940 et
1135 3899 1164 3941 sa
1182 3891 1285 3942 tontum
1295 3889 1382 3938 mutan·
1464 3911 1465 3914 =

284 3968 330 4018 tur
347 3963 375 4016 in
387 3964 427 4030 je,
440 3965 480 4030 ju,
498 3963 590 4031 itaque
602 3964 686 4018 eidem
704 3965 922 4034 transpositionis
936 3965 1004 4020 fines
1018 3966 1199 4022 constituendi
1210 3982 1268 4022 esse
1278 3965 1381 4020 ridentur

284 4049 366 4112 atque
383 4043 412 4097 iu
429 4059 526 4112 graeca
543 4045 641 4113 lingua,
660 4063 683 4099 v.
702 4046 774 4100 infra
792 4064 818 4116 p.
842 4051 897 4100 170.
