2958 4868
337 447 378 503 De
396 447 528 504 vocalium
544 461 704 520 graecorum
721 447 889 520 hyphnereni.
1115 448 1174 513 137

238 706 258 786 ξ
285 711 331 771 15.
376 707 434 772 DE
458 705 732 774 HYPHAERESI
755 705 937 774 VOGALIS
961 733 992 776 α.

141 858 269 924 Eisdem
298 859 365 927 fere
394 861 472 926 loeis
501 867 597 944 atque
626 884 642 924 o
674 859 850 945 eodemque
878 863 973 929 modo
1005 885 1025 925 α
1054 863 1175 930 vocalis

65 958 226 1023 evanesoii.
271 959 312 1024 Et
340 959 475 1042 primum
499 957 626 1041 quidem
645 959 715 1042 Jam
738 959 890 1026 Herodoti
915 971 1022 1030 aetate
1043 966 1175 1032 nomino

65 1060 182 1141 proprio
209 1059 242 1123 in
267 1081 320 1134 ιας
345 1058 558 1141 oonnipiuntur
586 1057 619 1121 in
644 1079 675 1133 ις
704 1057 754 1126 (ei.
778 1059 931 1126 Benseier
953 1063 973 1126 l.
997 1065 1046 1140 o).
1090 1063 1173 1128 Tum

63 1155 90 1220 in
110 1155 291 1240 compositis
307 1181 328 1219 α
344 1155 448 1239 ejecta
464 1163 521 1237 est,
544 1161 579 1220 ut
593 1154 625 1218 in
642 1153 852 1234 Δεκελεικός,
875 1157 1052 1242 Δαρεικός,
1075 1184 1174 1241 κερα-

63 1253 169 1333 μεικὸς
191 1275 249 1338 pro
271 1250 528 1330 *Δεκελειακός,
553 1250 773 1336 *Δαρειακός,
797 1257 1044 1338 *κεραμειακός
1067 1259 1117 1332 (of.
1134 1261 1171 1324 E.

63 1351 97 1414 M.
119 1355 195 1434 240,
227 1357 267 1417 40
296 1361 328 1420 ei
354 1353 432 1418 Lob.
461 1352 554 1436 proli.
579 1351 663 1431 320).
708 1351 772 1418 Sed
802 1355 910 1420 neseio
938 1377 980 1421 an
1009 1377 1172 1438 nunquam

62 1447 242 1530 Δαρειακός
264 1458 324 1516 oet.
351 1451 385 1515 in
408 1471 467 1516 neu
489 1450 583 1515 iuenii
608 1457 640 1514 et
668 1449 773 1532 potios
795 1451 958 1534 adjectiva
978 1455 1037 1519 iilo
1059 1455 1128 1520 sine
1151 1479 1172 1518 α

62 1548 96 1611 ab
117 1549 206 1613 initio
229 1549 364 1613 formata
387 1549 460 1628 sint,
483 1555 518 1613 ui
532 1548 690 1612 vocalium
707 1568 878 1616 concursus
896 1551 1058 1617 vitaretur.
1096 1552 1172 1618 Post

61 1645 228 1728 simplicem
259 1671 270 1711 ι
300 1669 321 1709 α
350 1647 430 1712 elisa
459 1651 508 1711 est
535 1647 568 1710 in
602 1645 809 1730 μυστηρῖκός
838 1649 890 1712 Ar.
921 1649 999 1714 Aeh.
1024 1653 1084 1714 747
1115 1670 1172 1734 pro

61 1741 288 1830 μυστηριακός,
312 1744 350 1808 oi.
366 1744 444 1808 Lob.
469 1743 559 1808 Pane.
579 1743 627 1808 Ei.
644 1743 669 1819 I,
686 1747 757 1809 226.
803 1746 928 1811 Deinde
951 1748 1174 1832 patronymica

61 1841 267 1907 enominibue
288 1842 322 1906 in
346 1866 400 1918 ιας
416 1841 570 1924 derivata,
598 1849 633 1907 ut
648 1841 830 1929 Ζευξί-ὀης
851 1846 1040 1926 ιιΖευξίας,
1062 1846 1173 1912 viden-

61 1942 103 2002 inn
122 1945 284 2023 correptas
306 1940 425 2006 formas
447 1943 611 2024 praebere,
635 1941 696 2007 nisi
719 1944 834 2008 reotius
857 1961 927 2006 oum
944 1945 1172 2028 Angerman'no

62 2031 156 2117 (Stud.
191 2037 222 2119 1,
254 2035 308 2121 37)
349 2038 559 2122 aprimitivis
588 2039 657 2122 jam
687 2041 821 2106 oonoisie
850 2043 970 2121 Ζεῦξις
1000 2049 1059 2108 oei.
1090 2041 1172 2108 deri·

61 2139 125 2199 vain
146 2153 218 2201 esse
241 2142 345 2218 putas,

135 2231 208 2298 Non
230 2233 344 2298 minum
368 2241 425 2315 esi,
455 2233 540 2316 qnod
569 2235 680 2318 lingna
697 2235 766 2318 jam
796 2243 984 2301 senescente
1013 2237 1109 2302 eiiam
1137 2237 1170 2302 in

61 2330 213 2395 nominum
243 2329 457 2398 declinatione
481 2355 502 2395 α
530 2341 602 2416 post
625 2359 637 2398 ι
666 2333 717 2399 vel
740 2359 757 2396 o
781 2333 914 2415 ejicitur,
944 2341 978 2398 ut
1005 2333 1038 2398 in
1069 2331 1171 2411 πόλῖς

62 2444 109 2506 pro
124 2425 255 2507 πόλιας,
278 2433 373 2506 νέκυς
388 2449 445 2514 pro
462 2435 580 2507 νέκυας
596 2439 665 2508 eet„
683 2432 720 2496 ei.
737 2431 815 2496 Lob.
833 2431 982 2496 Potoni.
999 2431 1023 2508 I,
1035 2435 1096 2497 232
1113 2451 1170 2514 sq„

61 2523 105 2588 obi
133 2545 243 2592 omnes
277 2525 434 2609 ejusmodi
467 2527 584 2594 formas
619 2548 701 2610 quae
731 2536 859 2594 exstant
892 2535 1094 2596 enumeratas
1125 2531 1171 2594 in-

61 2621 168 2688 venies.
191 2657 232 2668 -
255 2623 321 2690 Sed
336 2624 432 2690 valde
454 2625 631 2691 cavendnm
649 2633 704 2706 est,
729 2645 770 2691 ne
792 2627 865 2691 huie
882 2645 1006 2708 quoque
1028 2627 1171 2712 hyphen-

61 2719 113 2783 neoi
134 2721 272 2804 majores
294 2720 373 2788 fines
396 2723 532 2788 tribuas:
556 2723 600 2788 sio
623 2742 650 2788 e.
669 2743 699 2805 g.
723 2723 923 2789 substantiva
945 2724 1028 2811 ληΐς,
1054 2725 1169 2806 ὄμωΐς,

62 2817 136 2894 Ναῒς
157 2839 261 2901 neque
285 2839 325 2884 ex
347 2817 461 2907 ληιάς,
486 2818 630 2902 dicendo,
655 2817 765 2898 Ναιάς
787 2831 935 2904 conrepta
958 2829 1040 2900 nuni,
1064 2842 1168 2905 neque

62 2911 147 2998 ληιάς
175 2925 234 2982 oet.
264 2937 305 2983 ex
340 2916 414 3004 ληίς
447 2920 635 3003 pleonasmo
664 2943 684 2982 α
713 2921 835 2985 vooalis
868 2927 946 3000 orta,
980 2926 1014 2985 ut
1037 2921 1169 2987 Lobeok

62 3008 140 3077 Potin.
156 3015 206 3079 El.
222 3015 248 3095 I,
265 3019 326 3080 405
344 3023 445 3099 putat.
482 3017 590 3082 Potius
606 3016 680 3103 ληίς
695 3037 752 3099 pno
768 3017 923 3104 *in-cdo
940 3015 992 3102 (oi.
1009 3018 1170 3100 „omnem

64 3110 138 3193 338),
160 3116 247 3199 Νηίς
270 3119 313 3180 (Z
327 3118 376 3195 22,
400 3114 432 3182 Ξ
452 3114 529 3195 444,
558 3119 671 3204 2384)
693 3135 751 3199 pro
774 3115 940 3201 *Nn-Q
963 3136 1034 3181 oum
1056 3115 1169 3182 suffixo

64 3209 137 3273 evei
160 3209 192 3274 ιδ
213 3209 351 3276 'formata
374 3219 463 3293 sunt,
493 3210 590 3298 ληιάς
616 3219 722 3278 autem
747 3219 778 3279 et
800 3211 910 3299 Νηιάς
940 3211 971 3298 (ν
997 3219 1066 3294 105,
1097 3217 1168 3294 348,

64 3304 114 3369 356
141 3313 171 3373 et
199 3309 259 3391 Ap.
284 3307 358 3393 Rh.)
393 3345 434 3354 —
465 3308 594 3390 δμωιάς
617 3329 637 3374 a
659 3309 776 3390 Quinto
800 3311 865 3377 Sm.
889 3315 917 3391 3,
941 3315 1019 3394 6843
1053 3315 1082 3394 9,
1107 3315 1165 3377 341

63 3418 95 3466 en
114 3406 263 3489 analogia
284 3426 397 3482 vonum
420 3405 533 3492 ληιάς,
563 3405 673 3493 Νηιάς
694 3408 863 3472 formatum
886 3407 1013 3474 videtur
1033 3445 1076 3455 —
1097 3429 1168 3476 enm

63 3499 161 3568 suffixo
184 3501 258 3568 coe-d
282 3500 334 3586 (ef.
359 3504 522 3585 „Grdz.“³
546 3503 632 3589 298).

63 3699 86 3776 i.
104 3707 145 3770 no.
183 3707 239 3772 nn
256 3705 372 3798 nono
395 3705 456 3772 nx
479 3692 873 3871 ANQZETDENTOEUS
890 3706 1167 3776 nonnionnon

603 3833 617 3870 i
664 3854 671 3870 .

136 3938 242 4005 Lioeat
257 3939 335 4004 mihi
350 3940 461 4022 paneis
478 3940 759 4024 eomprehendene,
779 3961 861 4023 quae
877 3942 937 4007 hae
953 3941 1168 4026 disputatione

66 4027 267 4102 demonstrare
289 4036 482 4104 studuimus:
