3020 4866
113 1709 132 1788 ξ
156 1711 182 1772 1.
229 1705 308 1785 QUI
329 1699 507 1774 FAUPUM
529 1707 614 1790 SIT,
645 1709 703 1776 U'P
730 1710 1003 1780 INFINITIVUS
1024 1713 1199 1781 AORISTI

183 1801 416 1872 NOTIONEM
438 1805 702 1874 PRAETERITI
724 1806 816 1874 NON
839 1807 1128 1878 CONTINERE'P.

175 1975 297 2042 Antisti
326 1973 461 2042 formam
492 1977 520 2043 si
554 1977 624 2060 quis
653 1997 724 2046 oum
753 1977 939 2062 imperteoto
968 1998 1009 2046 ex
1035 1980 1107 2064 ipsa
1129 1983 1220 2050 verbi

96 2071 199 2140 radios
228 2071 369 2138 dedueto
398 2075 584 2156 contulerit,
613 2075 695 2140 nihil
716 2076 860 2142 inveniet
881 2077 967 2160 qnod
990 2077 1116 2146 differat
1136 2080 1221 2148 inter

96 2169 176 2238 illius
204 2169 430 2238 formationem
459 2178 491 2240 et
513 2172 609 2256 hujus
630 2172 852 2256 figurationem
876 2172 1017 2262 (stipe
1041 2184 1073 2244 et
1096 2175 1218 2266 ἔστην).

97 2265 170 2334 Cum
185 2287 265 2336 vero
288 2267 399 2350 lingua
419 2289 537 2352 graeea
557 2270 746 2354 saepissime
767 2271 877 2338 thema
897 2274 1076 2356 praesentis
1097 2295 1118 2340 a
1138 2296 1221 2359 pura

97 2363 180 2432 verbi
194 2365 308 2432 radioe
323 2365 368 2430 ita
383 2365 591 2448 distinxisset,
607 2374 642 2434 ut
655 2367 738 2434 illud
746 2369 844 2434 variis
856 2389 1003 2436 sonorum
1014 2371 1220 2442 incrementis
1332 2438 1336 2448 .

97 2471 224 2547 augeret
259 2461 311 2546 (oi.
341 2462 468 2531 Curtius
495 2467 657 2549 Tempora
688 2486 718 2530 u.
746 2464 835 2530 Medi
862 2485 937 2550 pag.
965 2471 1034 2550 67),
1067 2471 1220 2553 temporis
1266 2507 1272 2514 -

97 2578 265 2645 progressu
298 2562 419 2644 evenit,
453 2569 488 2628 nt
522 2581 640 2646 magno
674 2561 857 2628 disorimine
885 2570 1089 2647 separaretur
1121 2567 1219 2651 stirps

97 2657 274 2740 praesentis
306 2659 458 2744 temporis
487 2659 672 2726 atbemate
700 2659 820 2725 aoristi.
845 2659 937 2750 ‘Qua
966 2660 1148 2728 differentia
1169 2663 1219 2729 usi

98 2753 239 2822 homines
261 2757 370 2838 graeei
394 2756 457 2822 duo
479 2756 615 2824 aetionis
635 2774 756 2839 genera
772 2756 952 2841 significare
967 2766 1218 2826 consueverunt:

97 2860 264 2936 praesente
298 2855 457 2922 actionem
484 2854 538 2922 vel
571 2853 787 2920 conditionem
822 2853 990 2922 durantem
1017 2855 1072 2922 vel
1099 2855 1217 2924 iactum

97 2949 203 3018 iterum
222 2952 401 3034 iterumque
413 2952 592 3036 repetitum,
610 2951 729 3018 aoristo
740 2951 900 3020 sotionem
911 2953 1102 3037 absolutam,
1122 2975 1218 3039 quarn

97 3047 169 3114 mihi
190 3049 289 3116 lieeat
311 3055 569 3117 momentaneam
598 3050 775 3116 nominare.
819 3049 883 3116 Ubi
904 3069 981 3118 vero
1008 3070 1163 3134 praesens
1186 3058 1219 3120 et

98 3144 313 3230 imperfeetnm
346 3147 389 3213 ab
421 3147 494 3230 ipsa
525 3146 634 3214 radiee
655 3146 746 3214 verbi
774 3155 941 3231 proereate
969 3157 1076 3230 erant,
1111 3148 1157 3214 ita
1184 3157 1219 3214 nt

98 3245 229 3312 emistus
245 3244 454 3332 primigenius
465 3279 507 3292 -—
522 3245 659 3312 aoristus
673 3245 869 3329 11-p1ane
883 3246 917 3310 in
932 3245 1068 3312 eandem
1083 3243 1217 3312 formam

99 3341 238 3408 abiturus
255 3349 348 3418 esset,
365 3361 448 3424 qnae
464 3343 497 3407 in
513 3342 700 3427 imperieoto
715 3342 943 3426 reperiebatur,
967 3341 1082 3408 Graeoi
1096 3362 1215 3408 novum

98 3438 246 3506 aoristum
263 3475 302 3486 ·-
318 3439 408 3504 illum
424 3440 479 3522 qui
494 3441 614 3524 primus
630 3440 880 3523 agrammatiois
895 3443 1075 3504 venatur-
1088 3437 1218 3508 effinse
1238 3514 1243 3537 ,

99 3541 166 3602 runt
175 3539 234 3604 'vel
257 3537 322 3602 alio
345 3535 483 3621 quodam
505 3537 601 3604 modo
623 3538 777 3604 aoristum
798 3537 841 3604 ab
863 3535 1049 3620 imperfeeto
1065 3534 1218 3606 distinxe-

101 3639 168 3698 runt
190 3634 241 3709 (of.
266 3634 413 3716 ἔτραπον
436 3642 468 3702 et
491 3633 644 3717 ἔτρεπον.
666 3633 793 3700 Curtius
814 3635 837 3698 l.
860 3634 881 3698 l.
905 3653 980 3717 pag.
1006 3635 1088 3711 149).

178 3731 283 3816 Atque
311 3733 345 3798 in
368 3733 477 3800 aoristi
500 3732 533 3798 vi
555 3737 587 3798 et
608 3751 668 3798 usu
689 3731 891 3816 explicandis
913 3752 979 3800 non
1000 3731 1060 3798 abs
1080 3749 1117 3798 re
1139 3739 1217 3816 puto

103 3843 176 3908 esse,
192 3828 219 3894 si
233 3829 275 3898 ab
292 3849 331 3896 ea
346 3829 533 3898 definitione
547 3826 782 3914 profioisoimur,
806 3849 901 3912 quam
923 3829 1056 3914 protulit
1070 3828 1215 3896 Pfuhlius

102 3919 132 3986 in
150 3923 259 3992 libello
283 3927 335 4010 qui
352 3927 538 3994 inseribitur
561 3925 690 4008 „Ueber
704 3923 756 3992 die
772 3924 964 4011 Bedeutung
978 3926 1035 3996 des
1049 3926 1218 3994 Aeristus“

103 4013 255 4099 (Dresdae
282 4022 390 4111 1867.)
974 4124 1010 4176 μ
