2958 4868
348 395 389 450 De
407 395 540 460 vocalium
557 409 713 465 graecarum
730 394 899 466 hypheeresi.
1132 389 1191 454 109

85 553 207 649 potatui
228 565 317 649 μέλε,
341 566 427 649 quod
450 565 618 634 defluxerit
640 586 680 632 cx
701 567 836 648 μέλεος,
860 565 918 632 sod
933 567 1012 646 μέλε
1036 565 1191 632 adoliam

85 665 201 748 stirpem
233 665 448 732 revocandum
483 684 554 731 esse
586 684 624 729 ac
653 665 751 744 μέλεα
782 664 980 729 domonstrat
998 661 1129 730 Curtius
1157 665 1192 730 in

84 761 232 842 ,‚Grdz.“³
254 767 325 829 307.
370 759 484 847 rit-cim
513 761 619 846 potius
648 763 786 845 estirpe
815 756 856 825 άλ
885 762 1011 828 videtur
1039 781 1110 828 esse
1138 761 1192 828 de·

84 858 198 925 ductum
226 860 275 938 (ef.
308 859 471 942 „droam
494 863 567 935 509)
597 866 631 924 ut
659 855 756 944 άλ-η,
795 864 827 924 et
862 857 1014 948 ήί-ε-ά-ς
1044 879 1084 926 ex
1112 856 1190 946 rit-o

82 955 182 1024 suffixo
202 983 243 1023 σσ
266 957 376 1024 addito
399 962 501 1023 ortum
524 965 559 1022 ut
580 953 706 1044 άλ-ί-η.

402 1199 472 1278 ee.
518 1193 741 1260 novarum
763 1181 808 1258 iu
832 1217 862 1258 α.

155 1347 287 1416 Veteres
315 1348 516 1433 grammatici
545 1347 700 1412 adverbia
728 1335 813 1426 dan,
850 1345 959 1434 σάφα,
997 1345 1103 1430 κάρτα
1132 1354 1192 1413 oet.

80 1450 140 1508 orta
155 1448 231 1513 'esse
255 1467 294 1513 ex
317 1443 417 1524 ὠκέα,
441 1451 564 1532 σαφέα,
588 1451 712 1530 καρτία
736 1445 958 1512 existimarunt
979 1444 1030 1527 (el.
1050 1446 1124 1511 Her.
1141 1446 1198 1516 edu

78 1541 109 1605 L.
129 1541 152 1622 Ι,
176 1547 248 1627 488,
276 1549 343 1627 13),
368 1546 414 1610 eis
437 1545 654 1610 assentiuntur
675 1543 822 1626 Kissling
848 1543 900 1618 (Κ.
923 1544 958 1608 Ζ.
982 1543 1093 1626 XVlI,
1118 1547 1192 1619 200)

78 1644 106 1702 ct
124 1639 257 1707 Kuhner
280 1647 336 1725 (gr.
352 1663 399 1725 gr.
420 1646 488 1722 140,
514 1641 597 1724 729).
635 1641 700 1706 Sed
718 1641 787 1725 jam
810 1641 983 1706 Buttmann
1007 1647 1039 1708 ot
1060 1643 1194 1708 Lobeok
1269 1635 1270 1638 '

77 1736 147 1802 bace
168 1739 325 1805 adverbia
347 1741 412 1804 alio
435 1739 530 1804 modo
546 1748 615 1804 orta
633 1759 705 1805 esse
720 1744 921 1819 censuerunt,
945 1746 977 1804 et
991 1739 1048 1804 ille
1064 1741 1193 1822 quidem

78 1835 190 1914 (,‚Ausl.
216 1837 295 1902 Gr.“
317 1838 359 1918 ΙΙ,
384 1839 457 1914 206)
481 1837 670 1920 suspicatur,
695 1837 851 1903 adverbia
874 1827 955 1916 ὦκα,
980 1835 1084 1922 σάφα,
1107 1838 1193 1921 λίγα,

77 1949 261 2016 quamquam
284 1955 391 2000 eorum
407 1933 568 2018 adjectiva
584 1935 617 1998 in
633 1959 688 2011 -σς
711 1937 763 2000 vel
783 1959 840 2021 -ιγς
863 1942 989 2017 exeant,
1013 1934 1055 2000 ad
1079 1936 1193 2018 stirpes

77 2027 104 2092 in
124 2055 178 2107 -σς
200 2056 257 2096 -σν
280 2031 465 2097 revocanda
488 2051 573 2114 esse3
598 2031 649 2096 bic
673 2032 842 2108 (Parum.
865 2034 889 2113 Ι,
907 2035 980 2109 207)
1004 2053 1192 2116 persuasum

76 2124 180 2206 habet,
204 2149 370 2214 syncopen
394 2130 444 2195 his
466 2129 627 2196 adverbiis
650 2151 713 2196 nou
736 2150 807 2196 esse
830 2129 1079 2196 concedendam.

153 2227 401 2293 Accusatissime
417 2227 562 2311 Kissling
577 2231 610 2306 (l.
627 2231 665 2305 c.)
690 2229 730 2294 de
745 2229 795 2294 his
817 2227 979 2294 adverbiis
1000 2228 1083 2311 agit;
1107 2227 1194 2293 vide·

76 2339 158 2387 amus
173 2324 281 2406 igitur,
305 2345 366 2407 quo
382 2325 477 2390 modo
493 2345 532 2390 ea
548 2333 617 2391 orta
633 2345 703 2392 esse
718 2331 863 2392 censeat:
885 2323 979 2408 τάχα,
1003 2315 1084 2399 ὦκα,
1108 2325 1193 2410 λίγα,
1310 2319 1315 2328 '

75 2415 183 2502 adpro,
201 2418 264 2502 άγα
275 2429 405 2487 revocat
417 2423 458 2487 ad
470 2421 662 2504 *σαχ-εσ-α,
675 2419 856 2500 *ίάκ-εσ-α,
868 2420 1056 2506 *icy-sect,
1069 2421 1195 2506 *καρτ-

75 2537 155 2595 εσ-α,
171 2515 356 2601 *ὀχ-εσ-α,
373 2519 476 2607 σάφα,
493 2527 584 2604 μίγα,
601 2521 710 2607 ῥίμφα
722 2519 765 2585 ad
776 2517 982 2605 *σαφ-εσ-α,
999 2517 1193 2604 *μίγ-εσ-α,

73 2609 297 2702 *ῥίμφ-εσ-α,·
324 2643 339 2684 ε
356 2639 497 2704 syncope
520 2637 590 2683 esse
607 2617 729 2699 elisam,
754 2616 870 2682 deinde
891 2641 912 2681 σ
927 2625 959 2683 et
976 2641 1002 2683 ισ
1025 2619 1195 2685 evanuisse

73 2713 239 2780 existimat.
279 2715 336 2780 Oui
351 2716 555 2799 explicationi
567 2715 655 2780 nullo
667 2714 761 2780 modo
773 2716 919 2780 assentiri
928 2735 1105 2798 possumus,
1119 2737 1195 2781 nam

73 2808 275 2898 clinum-ou,
299 2811 456 2898 *μιγ-σα,
479 2812 655 2900 *ῥιμφ-σα
671 2811 738 2879 fieri
761 2812 900 2877 debebat
921 2810 1055 2896 *σαψα
1079 2811 1195 2894 *perfica

71 2903 215 2994 *ῥιμψα
239 2913 353 2993 Itaque
369 2913 449 2978 haec
461 2912 589 2994 quidem
601 2912 700 2977 series
711 2909 882 2975 statuenda
894 2917 977 2974 erat:
1000 2909 1196 2996 *σαφ-εσα

72 3001 244 3093 *σαψ-αα
258 3007 363 3095 σάφα,
378 3007 561 3090 *τάχ-αμα
576 3006 739 3090 *τάχ-σα
754 3007 837 3088 τάχα
853 3015 929 3091 cet.;
953 3008 1010 3073 sed
1026 3009 1106 3075 haec
1121 3031 1196 3092 quo*

73 3121 128 3182 que
149 3127 219 3172 non
242 3108 359 3190 placet,
391 3127 495 3189 neque
518 3108 602 3172 enim
625 3108 789 3190 intellego,
814 3106 972 3189 quomodo
995 3105 1061 3172 fieri
1084 3109 1195 3191 possit,

71 3206 102 3264 nt
123 3203 156 3268 in
180 3204 234 3269 bis
256 3205 403 3270 omnibus
426 3204 589 3270 adverbiis
612 3230 627 3271 ε
651 3225 777 3288 semper
800 3205 840 3270 sit
863 3204 943 3270 elisa
964 3203 1026 3284 ita,
1050 3213 1085 3270 ut
1107 3207 1196 3272 nullo

71 3297 135 3365 loco
157 3302 289 3385 plenior
310 3303 413 3368 forma
434 3309 562 3368 servata
580 3303 630 3368 sit.
669 3303 732 3368 Ubi
756 3303 840 3368 enim
863 3302 1081 3386 bypbaeresin
1103 3324 1196 3368 voca·

71 3395 144 3462 lium
168 3419 254 3482 quae
276 3399 424 3466 dicuntur
438 3401 587 3466 durarum
603 3401 720 3467 iactam
737 3420 807 3466 esse
822 3400 1047 3482 intellegimus,
1071 3421 1198 3484 semper

70 3495 233 3574 pleniores
254 3497 372 3563 formas
394 3499 585 3582 reperimus3
615 3505 783 3581 praeterea
805 3498 838 3562 iu
861 3497 910 3562 bis
932 3497 1094 3563 adverbiis
1117 3498 1198 3563 anti·

71 3592 244 3672 quissimae
266 3595 386 3660 formae
409 3604 556 3662 servatae
578 3603 667 3673 sunt,
702 3616 776 3660 nam
801 3615 924 3672 eorum,
957 3603 991 3660 ut
1015 3596 1085 3678 ipse
1107 3595 1197 3662 Kiss-

70 3688 135 3772 ling
158 3693 325 3776 exposuit,
358 3693 392 3758 in
423 3694 590 3760 homericis
620 3693 813 3758 carminibus
844 3692 1003 3758 maximus
1031 3713 1108 3758 usus
1137 3701 1196 3773 est,

70 3791 249 3868 posteriore
281 3797 387 3856 aetate
420 3792 588 3874 paullatim
622 3791 784 3856 adverbiis
812 3790 845 3854 in
874 3813 938 3865 -ως
967 3789 1095 3856 cedunt.
1139 3793 1197 3858 Po-

70 3891 174 3952 testne
203 3888 301 3970 igitur
330 3888 364 3952 in
393 3889 439 3954 eis
461 3889 673 3973 hypbaeresis
697 3913 712 3953 ε
735 3887 855 3952 vocalis
885 3887 1004 3952 statui?
1041 3925 1083 3936 -
1120 3889 1198 3957 Sine
1297 3925 1306 3934 ·

73 3980 168 4050 dubio
193 4004 235 4052 ea
256 3986 319 4052 alio
342 3985 438 4052 modo
461 3993 530 4052 orta
545 4005 616 4052 esse
639 3987 767 4054 debent.
806 3984 980 4052 Videamus
1002 3987 1099 4070 igitur
1120 4009 1197 4054 num
