2958 4868
435 429 478 485 De
495 429 608 488 11661661
624 429 769 488 homerica
1106 430 1166 490 147

55 605 173 688 jecturis
210 602 371 688 prolatis¹l
407 623 563 668 summam
600 602 826 688 disputationis
862 603 913 670 his
949 605 1169 689 complectitur

58 726 81 787 p.
101 707 176 768 4171
215 701 313 784 „Was
335 721 412 765 man
435 699 537 766 daher
558 701 608 766 als
632 701 762 783 epische
785 700 945 780 diectasis,
969 702 1167 784 distractior,

58 801 249 882 nerdehnung
264 799 478 864 darzustellcn
494 798 602 882 pflegt,
617 797 776 864 reduciert
786 797 855 863 sich
870 819 1002 866 6666161
1016 801 1169 884 meinung

59 901 124 966 nach
147 899 205 964 aul
225 898 288 964 den
303 895 773 980 1661116611-6111166166111661166
797 895 958 962 ausdruck
982 897 1039 962 der
1060 898 1167 980 weise,

58 998 105 1063 uio
114 997 151 1081 Je
167 997 251 1062 nach
267 995 324 1061 der
338 993 523 1077 grundiorm
540 992 592 1058 116
614 993 1084 1061 666116611666611161111661166
1100 994 1166 1062 drei

58 1094 192 1160 6111161
213 1113 323 1159 166166
340 1091 542 1158 6616166111(
588 1089 1167 1175 866116166611661666166616616,

57 1193 157 1274 quibus
179 1191 260 1256 haec
276 1191 457 1256 Mehlhornl
481 1197 512 1255 61
499 1189 635 1254 tSonni
657 1189 817 1255 sententia
837 1189 936 1273 plane
957 1189 1132 1256 refellatur.

127 1289 214 1354 Nam
237 1307 277 1354 ea
299 1288 340 1353 de
362 1308 406 1366 rc,
430 1287 515 1369 6661
536 1285 697 1352 interdum
715 1285 778 1350 fit
770 1307 805 1350 m
828 1287 1022 1351 carminibus
1045 1289 1167 1354 melleis

57 1357 209 1453 diodorum
232 1388 422 1452 musicorum
444 1386 530 1466 11,6
509 1383 695 1468 utsyllaba
716 1383 794 1448 adt
781 1383 875 1448 trium
897 1405 1059 1448 morarum
1080 1405 1168 1450 men·

56 1505 149 1549 suram
171 1503 271 1566 66666
293 1483 495 1582 producatur,
519 1481 710 1547 concludere
725 1479 812 1564 apud
830 1481 938 1566 epicos
953 1499 1078 1564 666666
1093 1483 1168 1547 huic

55 1583 243 1665 productioni
265 1582 370 1645 locum
392 1599 464 1646 6666
492 1579 602 1644 datum
625 1578 777 1644 audacius
799 1585 856 1644 661.
901 1579 1002 1644 Immo
1031 1599 1072 1645 ne
1093 1599 1168 1644 con-

57 1679 163 1746 cineret
178 1679 307 1762 quidem
321 1678 401 1743 haec
419 1677 582 1743 homerica
603 1675 772 1759 productio
791 1696 861 1740 curn
883 1677 948 1742 illis
970 1678 1166 1742 melicorum.

57 1778 138 1862 1661
160 1797 216 1843 666
238 1777 322 1842 enim
345 1795 417 1840 cum
439 1793 566 1858 semper
593 1773 721 1858 syllaba
749 1774 808 1838 illa
829 1773 927 1840 valde
949 1774 1104 1858 producta
1125 1775 1167 1840 ab

56 1877 108 1940 arsi
128 1875 260 1958 incipiat
267 1875 281 1956 ,’
304 1881 371 1938 tum
393 1872 436 1938 ad
458 1872 565 1938 thesin
587 1871 721 1954 defluat,
750 1871 838 1954 apud
860 1872 944 1938 hunc
967 1891 985 1938 6
1007 1871 1167 1938 contrario

56 1975 230 2056 plerumque
253 1977 293 2050 (e.
315 1991 345 2053 g.
368 1971 402 2035 in
425 1965 588 2053 ὁρόωντα)
612 1989 632 2034 6
653 1969 737 2034 thesi
764 1968 893 2054 incipit,
923 1978 989 2036 tum
1012 1969 1054 2035 ad
1080 1969 1167 2035 61616

56 2072 180 2137 effertur.
225 2069 306 2151 Sed,
333 2075 369 2133 ut
389 2069 488 2133 talem
510 2065 750 2152 productionem
773 2065 842 2133 fieri
863 2087 958 2152 posse
981 2067 1165 2146 concedam,
1230 2099 1234 2110 ·

55 2169 82 2232 in
100 2169 243 2234 versibus
266 2166 403 2232 heroicis
431 2166 547 2231 iactam
574 2183 646 2229 6666
669 2164 827 2230 61666116
849 2165 1049 2230 dubitatione
1071 2183 1165 2246 nego.

56 2265 127 2330 Nam
148 2266 292 2350 proiecto
314 2265 404 2328 nullo
425 2264 521 2329 modo
544 2265 680 2349 syllabis
702 2265 771 2330 istis
792 2263 930 2328 inductis
952 2269 1038 2328 stare
1061 2267 1167 2344 potest

56 2363 221 2448 rhythmus.
266 2360 327 2440 Qui
356 2362 440 2426 enim
470 2363 575 2426 claudi
605 2369 711 2446 potest
726 2363 927 2442 ‚hexameter
954 2359 1005 2424 his
1031 2359 1166 2443 syllabis

125 2507 176 2518 ..
194 2458 239 2523 c?
283 2460 333 2524 116
364 2459 512 2524 nimirum
546 2467 750 2544 comparatus
783 2464 868 2526 esset
895 2456 967 2522 finis
995 2455 1166 2520 multorum

55 2577 208 2641 versuum,
238 2577 266 2624 e.
289 2577 319 2639 g.
357 2563 388 2620 Z
409 2561 488 2622 322:
524 2553 597 2629 τόξ’
622 2553 779 2642 daniaco,
816 2561 855 2620 H
874 2559 936 2620 114
959 2551 1166 2636 εἰςοριῦντες,

56 2661 152 2723 1561
179 2655 380 2738 inaceriam,
404 2679 421 2720 o
444 2659 507 2720 456
528 2653 736 2736 1666161616.

130 2755 229 2820 Porro
252 2752 329 2834 quid
352 2752 393 2817 de
414 2753 466 2818 his
483 2752 633 2826 ,16161166
655 2749 821 2817 dicemus?

91 2893 118 2953 Γ
146 2893 247 2975 4316
230 2871 338 2952 rach
362 2864 566 2972 ιῖα-γχαλῖῦσι
576 2865 697 3023 6666
690 2864 860 2969 κομῖὦῦτες
884 2861 1025 2964 Ἀχα-ιο-

91 2999 587 3110 Η448111661661ς,1111
562 3001 640 3090 αὖτε
668 3003 753 3110 κάρτ
777 3042 948 3103 κομωντες
967 3016 1099 3101 Αχαιοί

56 3141 246 3154 ᾖ,

116 3191 220 3259 ’16661
238 3191 357 3260 linguam
369 3207 430 3244 cum
442 3206 532 3245 rerum
543 3197 642 3244 natura
659 3190 689 3244 in
705 3189 818 3243 materia
829 3185 1046 3241 transformanda
1063 3182 1166 3238 nullam
1221 3258 1224 3264 Ι

56 3271 162 3325 atomum
172 3272 311 3326 amittente
321 3275 468 3340 comparat,
487 3271 511 3324 ei
525 3271 685 3340 adstipulari
701 3286 755 3325 non
769 3285 887 3339 possum.
916 3265 959 3320 Ea
972 3265 1041 3319 enirn
1050 3263 1167 3318 maxima

57 3353 90 3402 est
105 3350 266 3417 differentia,
286 3352 371 3420 quod,
397 3367 459 3406 cum
476 3351 504 3405 in
521 3355 636 3406 naturae
653 3351 842 3420 progressione
859 3349 926 3403 nihil
944 3347 1090 3412 amittatur,
1114 3345 1166 3398 lin-

56 3443 114 3494 guae
130 3433 282 3501 progressio
300 3448 332 3487 eo
349 3433 519 3501 potissimum
535 3432 575 3498 fit,
593 3438 624 3486 nt
639 3447 656 3486 a
670 3431 792 3502 pristinis
807 3429 901 3486 formis
912 3426 1014 3496 aliquid
1029 3431 1055 3479 et
1070 3440 1165 3480 rursus

56 3509 146 3580 aliquid
163 3513 286 3569 dematur
308 3519 390 3582 atque
408 3513 585 3568 oblitteretur.
621 3513 664 3566 Ea
686 3529 747 3566 vero
768 3514 911 3566 causaest
932 3507 1006 3561 haud
1022 3505 1166 3569 levissima,

57 3605 101 3654 qua
117 3595 263 3664 adigamur,
280 3598 311 3648 61
327 3594 479 3661 linguarum
498 3593 666 3664 disciplinam
684 3609 738 3647 non
755 3587 889 3661 physicis,
908 3587 955 3642 sed
972 3585 1116 3650 historicis,
1135 3589 1166 3639 61

57 3667 87 3723 ita
103 3673 201 3742 dicam,
225 3673 374 3742 disciplinis
391 3673 605 3730 adnumeremus.
642 3673 737 3742 Itaque
761 3673 785 3728 si
807 3671 888 3738 longa
910 3667 1010 3722 vocalis
1034 3681 1094 3719 cum
1112 3666 1167 3720 alia

57 3747 126 3820 longa
142 3756 182 3810 rel
199 3755 274 3810 brevi
292 3754 477 3816 contrahitur,
494 3771 550 3809 non
568 3755 659 3810 existit
675 3753 775 3809 vocalis
792 3750 897 3819 longior
914 3763 994 3817 qnam
1010 3747 1099 3815 longa,
1118 3746 1166 3802 sed

58 3843 103 3885 una
124 3835 210 3904 longa.
245 3835 392 3892 Praeterea
416 3835 547 3890 immerito
565 3835 681 3889 Sennius
706 3831 845 3889 contendit
868 3826 1020 3896 1166111661
1044 3825 1166 3896 ὁρᾶσθαι

59 3910 370 4022 61661166161666161
398 3921 461 3972 6616
488 3920 603 3986 616661
629 3912 843 3968 contractionem
869 3910 939 3966 duee
971 3913 1035 3964 sunt
1060 3922 1166 3962 morae:

59 3991 173 4085 ὄραονῑο,
191 3999 382 4091 16666161-
404 3994 518 4087 1616616,
538 3989 665 4085 1666361.

910 4098 963 4150 ld*
