2958 4868
270 429 311 492 90
777 433 887 490 Fritsch

272 605 349 674 elidi
372 625 477 692 posse.
519 607 572 672 An
599 605 664 672 alio
693 603 790 670 modo
811 606 976 691 explicare
1003 614 1111 691 potes,
1142 607 1170 674 si
1203 606 1316 672 πολλά
1345 607 1396 676 vel

271 705 338 772 tale
361 704 437 786 quid
459 705 493 770 in
516 701 616 770 πόλλ’
640 709 716 770 ante
738 711 925 786 sequentem
947 705 1091 772 vocalem
1113 709 1269 786 mutatur,
1301 725 1396 788 quarn

270 802 317 868 ita
338 808 374 868 ut
387 825 409 866 α
424 809 550 868 acutam
572 803 685 869 elisam
707 819 780 868 esse
800 801 946 870 snmus?
982 804 1107 868 Tamen
1121 800 1260 870 Oorssen
1282 805 1397 885 (ndns

271 899 438 984 spr.“²Il‚
454 903 529 974 923)
552 900 698 983 negavit,
727 900 857 966 vocales
879 906 991 966 acuns
1012 899 1087 982 ejici
1108 919 1214 984 posse,
1237 900 1325 984 qnod
1347 921 1397 968 ac·

271 997 411 1064 curatius
439 998 588 1074 refellere
615 1018 681 1064 nou
708 998 788 1064 mihi
817 1017 898 1082 opus
926 1004 990 1073 est,
1026 1017 1097 1062 cum
1114 997 1185 1081 jann
1208 997 1338 1066 Curtius
1359 1019 1397 1068 ea

272 1096 497 1179 explicatione,
521 1115 616 1180 quam
638 1096 672 1160 in
694 1094 831 1178 „Stud.“
854 1093 910 1176 IV,
934 1097 996 1160 223
1018 1094 1123 1174 dedit,
1146 1095 1244 1180 plane
1266 1096 1397 1162 demon·

271 1199 390 1262 strasse
412 1193 491 1259 mihi
512 1193 676 1276 videatur,
706 1192 855 1260 Gorsseni
884 1191 1068 1276 opinionem
1089 1192 1299 1260 nullomodo
1321 1195 1396 1260 terri

270 1309 377 1375 posse.
421 1291 460 1356 In
486 1290 559 1376 ipsa
579 1298 687 1358 autem
710 1289 928 1374 disputatione
956 1291 1059 1356 multo
1079 1291 1230 1374 exempla
1251 1292 1395 1368 afferam,

270 1389 305 1454 in
333 1387 448 1471 quibus
478 1389 548 1456 sinc
576 1390 644 1455 ulla
672 1389 873 1456 dubitatione
900 1387 1030 1454 vocales
1056 1394 1168 1456 acutas
1197 1387 1295 1456 elisas
1326 1409 1397 1456 esse

270 1485 467 1554 censendum
489 1495 553 1570 est,
582 1493 618 1554 ut
644 1489 679 1554 in
701 1481 788 1574 ἧμας
817 1507 876 1571 pro
901 1479 1023 1571 ἡμέας,
1058 1483 1150 1572 σφάς
1181 1507 1239 1570 pro
1275 1493 1395 1573 σφέας,

271 1583 430 1669 aporians
461 1605 519 1668 pro
547 1591 736 1668 κρανέϊνος,
772 1580 962 1669 τετράπνην
995 1601 1053 1666 pro
1084 1581 1296 1672 τετραπνόην
1325 1593 1396 1666 cet,

271 1701 353 1765 quac
375 1681 483 1748 omnia
504 1682 565 1748 hoc
587 1684 657 1750 loco
680 1699 868 1748 enumerare
889 1699 1119 1764 supervacuum
1142 1681 1279 1748 videtur.

354 1779 428 1846 Jam
460 1799 531 1846 curn
559 1779 603 1846 ad
630 1779 789 1845 vocalium
819 1777 1037 1862 hyphaeresin
1065 1777 1170 1860 ipsam
1193 1780 1396 1848 metandam

269 1877 503 1961 aggrediamur,
527 1877 663 1962 primum
679 1895 812 1960 agemus
826 1875 868 1942 de
882 1874 930 1940 eis
951 1874 1071 1956 formis,
1093 1875 1127 1940 in
1143 1875 1258 1959 quibus
1273 1879 1395 1946 vocalis

271 1984 360 2037 onte
381 1975 527 2042 vocalem
550 1974 705 2058 ejiciatur,
728 1981 794 2040 tum
816 1971 858 2040 dc
877 1972 1043 2040 vocalibus
1059 1973 1251 2051 portellas
1265 1976 1395 2043 vocales

269 2073 368 2140 elisis.
411 2074 453 2140 llt
474 2075 507 2138 in
529 2073 635 2156 priore
657 2069 786 2154 quidem
815 2077 907 2154 parte
928 2070 1006 2136 satis
1027 2071 1138 2137 variae
1159 2070 1280 2140 formae
1300 2073 1395 2140 nobis

191 2191 204 2222 ⁰
269 2171 484 2256 explicandae
511 2176 601 2252 sunt,
634 2169 677 2236 ad
704 2169 840 2252 alteram
868 2175 991 2251 partem
1020 2186 1077 2233 eas
1101 2174 1227 2234 tantum
1249 2177 1394 2256 spectare

268 2269 504 2352 intellegemus,
534 2287 619 2351 quae
640 2273 713 2352 post
735 2291 748 2331 ι
769 2266 823 2332 vel
844 2291 863 2330 υ
885 2265 1031 2332 vocalem
1053 2265 1241 2349 explodaut

743 2654 869 2732 Curua
891 2655 921 2730 Ι.

457 2822 508 2876 nn
526 2817 728 2876 vecturus
746 2817 844 2872 nuru
862 2815 1033 2872 vocatus
1051 2815 1208 2872 urceus,

533 3027 553 3108 c
575 3029 604 3091 2.
650 3023 708 3090 nu
731 2999 973 3090 ucuruuele
996 3023 1043 3090 1u
1065 3046 1128 3100 -ες,

353 3189 390 3254 ln
413 3187 596 3254 nominibus
618 3205 751 3268 quorum
773 3185 889 3269 stirpes
909 3184 945 3250 in
967 3183 1049 3270 rjr
1071 3191 1190 3250 exeunt
1212 3185 1384 3269 complures

266 3289 395 3356 vocales
418 3303 544 3370 semper
565 3283 632 3350 iero
655 3282 803 3348 consonis
818 3281 906 3350 elisis
922 3281 1178 3366 congrediuntur,
1202 3301 1297 3366 quem
1317 3299 1383 3347 con-

266 3405 391 3452 cursum
413 3382 573 3450 vocalium
597 3381 712 3450 Gracci
733 3379 828 3445 modo
857 3379 1016 3463 integrum
1045 3378 1201 3461 retinent,
1234 3377 1327 3446 modo
1350 3377 1382 3442 in
1474 3419 1475 3436 l

266 3483 340 3550 aliis
361 3481 633 3560 nominibusalia
653 3477 778 3545 ratione
800 3478 902 3544 vitare
924 3478 1063 3544 student.

356 3619 383 3678 l.
407 3611 483 3690 δεες
505 3612 574 3680 sive
597 3609 725 3696 ‹ljos-eg.

352 3727 549 3794 Substantivi
582 3725 660 3804 δέος
688 3723 856 3809 adjrj-oc
878 3723 1014 3790 derivati
1043 3723 1094 3802 (of.
1117 3721 1203 3788 Gurt.
1226 3716 1378 3806 „Grdu‘c

267 3827 341 3898 cot)
370 3830 517 3908 correpta
545 3823 647 3890 torma
673 3843 740 3888 non
765 3822 942 3902 invenitur,
976 3822 1038 3888 nisi
1070 3822 1104 3887 in
1133 3820 1194 3886 <lta
1222 3841 1279 3906 pro
1308 3819 1378 3886 disc

266 3922 471 3991 aLobeckio
494 3923 599 4002 (Path.
622 3923 672 3988 El.
695 3922 722 4000 1,
745 3923 820 3996 260)
842 3939 883 3986 ex
904 3919 1041 3986 Aeliano
1063 3919 1173 3998 allato,
1196 3917 1282 4002 quod
1302 3915 1378 3982 idem

266 4018 423 4106 significet
437 4021 523 4104 quod
542 4019 700 4104 drlpcra3
723 4016 781 4086 sed
795 4022 882 4084 recto
897 4017 1080 4084 Lobeckius
1095 4017 1228 4100 exponit
1242 4017 1302 4084 hoc
1316 4029 1378 4082 esse

1245 4409 1268 4680 ?
