3020 4866
271 424 314 484 20
753 424 919 480 Forssmann

275 599 375 663 utitur
407 597 558 680 scriptor,
591 597 646 662 uhi
668 595 920 679 Tissaphernem
952 596 1081 662 omnino
1114 615 1239 680 pugnas
1261 599 1394 664 navales

273 697 412 762 evitasse
445 700 571 776 narrat3
613 695 670 760 ubi
705 713 782 759 vero
815 694 1064 760 Lacedaemonii
1100 701 1219 760 certam
1255 713 1393 777 pugnam

272 794 432 874 navalem,
444 792 534 874 cujus
544 792 760 858 Athenienses
771 791 955 858 facultatem
966 793 1158 858 obtulissent
1169 789 1273 875 (VIlI,
1291 797 1341 868 79,
1355 797 1393 874 4),

273 890 435 973 defugisse
458 889 613 962 dicuntur,
637 892 774 956 aoriatus
795 890 933 972 ponitur.
964 890 1017 955 Sic
1039 889 1190 954 differunt
1205 889 1295 970 VIII,
1312 895 1395 972 222

278 985 544 1072 ξυγκινδυνθύειν
566 991 599 1052 et
627 987 653 1068 I,
677 990 728 1067 20,
753 991 771 1052 3
795 986 1024 1064 κινδυνεῦσαι;
1047 987 1102 1068 VI,
1126 990 1177 1068 79,
1201 990 1220 1050 2
1243 981 1339 1068 ὑμεῖς
1363 985 1394 1052 d’

278 1083 404 1171 εὐλόγῳ
446 1082 621 1170 προφάσει
659 1083 739 1161 τοὺς
778 1085 840 1166 μὲν
874 1083 976 1170 φύσει
1009 1086 1195 1166 πολεμίους
1227 1083 1396 1166 βούλεσθε

182 1201 188 1214 ·
276 1181 422 1271 ὠφελεῖν
446 1188 500 1260 (ευ.
523 1203 588 1246 non
605 1183 706 1248 solum
722 1183 783 1247 hac
798 1183 832 1246 in
848 1202 892 1264 ra,
915 1182 957 1248 de
972 1202 1036 1265 qua
1050 1183 1164 1265 agitur,
1188 1181 1246 1248 sed
1262 1202 1396 1266 semper,

274 1282 525 1364 quotiescunque
553 1280 707 1344 auxilium
736 1281 801 1345 illis
829 1299 910 1364 opus
932 1282 1010 1360 est),
1039 1279 1118 1356 τοὺς
1141 1279 1177 1346 di
1201 1278 1252 1345 ἐ’τι
1273 1280 1397 1361 μᾶλλον

274 1376 378 1464 φύσει
401 1379 570 1460 ξυγγενεῖς
590 1377 675 1459 μετὰ
697 1385 763 1442 τῶν
786 1376 956 1458 ἐχθίστων
980 1377 1187 1462 διαφθεῖραι
1209 1376 1244 1461 (i.
1260 1396 1288 1442 e.
1305 1397 1397 1456 nunc,

164 1495 171 1518 1
274 1475 329 1540 ubi
350 1474 476 1540 excidio
497 1473 643 1558 ferroque
665 1475 880 1541 Athenienses
901 1475 994 1540 nobis
1008 1475 1224 1556 minitantur),
1247 1475 1397 1558 v1‚3o,n

275 1569 400 1654 ἀμῦναι
427 1578 460 1637 ct
482 1571 536 1653 VI,
561 1576 611 1651 75,
636 1575 654 1636 3
678 1569 834 1653 ἀμύνειν,
861 1573 916 1648 VI,
940 1576 969 1653 6,
1003 1577 1017 1636 1
1044 1565 1233 1639 dictumest
1254 1577 1398 1659 βοηθεῖν

275 1667 490 1754 βουλόμενοι,
525 1675 696 1752 propterca
728 1671 814 1752 quod
842 1670 1057 1756 Athenienses
1085 1671 1177 1752 quasi
1205 1670 1311 1752 legem
1340 1670 1398 1736 sihi

277 1787 348 1834 esse
376 1765 626 1850 praetenderunt
654 1763 875 1850 (εὐπρεπῶς),
904 1773 940 1832 nt
967 1767 1113 1849 cognatis
1143 1773 1174 1833 ct
1202 1768 1298 1833 sociis
1320 1788 1398 1834 sem-

275 1885 342 1949 per,
358 1863 624 1947 quandocumque
634 1884 686 1929 res
695 1866 905 1947 postularent,
919 1865 1075 1930 auxilium
1086 1864 1215 1945 ferrent,
1228 1866 1283 1946 VI,
1298 1871 1368 1948 104,
1383 1871 1396 1928 1
1502 1927 1503 1948 ,

276 1968 387 2028 contra
409 1958 610 2044 βουλόμενοι
634 1960 690 2025 διὰ
712 1959 836 2042 τάχους
857 1967 1034 2049 βοηθῆσαι
1048 1963 1177 2044 legitur,
1199 1964 1274 2045 quia
1289 1963 1400 2047 Gylip-

276 2080 336 2143 pus
367 2064 398 2125 ct
421 2057 577 2124 Corinthii
604 2058 800 2142 singularem
829 2057 999 2147 βοήθειαν
1026 2060 1061 2124 in
1089 2060 1197 2125 animo
1226 2061 1398 2139 habebant.
1502 2043 1503 2070 ¹

277 2160 382 2239 Atque
403 2155 584 2239 praesentis
606 2161 638 2221 et
659 2157 773 2223 aoristi-
791 2156 967 2222 infinitivus
981 2177 1046 2222 non
1060 2157 1241 2241 promiscue
1254 2156 1400 2224 adhiberi

275 2256 310 2318 in
332 2260 481 2337 promptu
504 2257 566 2336 θεῖ,
589 2272 661 2317 cum
676 2273 752 2320 vero
774 2253 842 2320 fiori
864 2254 975 2337 possit,
997 2261 1032 2319 ut
1053 2254 1167 2320 eadem
1182 2273 1234 2321 res
1248 2261 1316 2320 tum
1330 2255 1398 2322 hoc.

277 2358 344 2416 tum
372 2351 429 2415 illo
460 2350 555 2416 modo
584 2351 755 2434 cogitetur,
784 2371 983 2434 consequens
1005 2358 1069 2434 θεῖ,
1098 2361 1133 2417 ut
1160 2341 1399 2435 nonnumquam

277 2450 412 2532 scriptor
444 2447 478 2512 in
505 2448 604 2515 variis
636 2449 833 2533 temporibus
861 2448 1019 2533 eligendis
1048 2469 1125 2515 suae
1153 2451 1195 2516 sit
1221 2453 1398 2533 potestatis,

276 2547 471 2614 necessitate
513 2534 748 2630 adstringatur'
768 2547 867 2613 nulla.
922 2548 1102 2613 Declarabo
1138 2567 1206 2612 rem
1242 2551 1398 2634 exemplo.

277 2644 305 2726 Ι,
329 2648 408 2724 tas,
439 2649 458 2708 5
480 2664 539 2726 pro
558 2645 763 2731 χαρίζεσθαι
785 2645 919 2711 forsitan
938 2649 1151 2728 χαρίσασθαι
1174 2646 1291 2729 aliquis
1311 2647 1399 2713 adhi-

214 2793 217 2800 .
277 2741 420 2807 bendum
447 2747 538 2824 putet
567 2762 653 2824 esse,
686 2742 779 2808 sicuti
806 2743 841 2808 in
869 2743 980 2809 codice
1001 2743 1185 2808 Monacensi
1209 2744 1238 2810 G
1260 2744 1401 2810 secunda
1501 2783 1502 2824 5

277 2859 376 2904 manu
397 2838 432 2902 in
453 2840 600 2921 margine
621 2838 818 2923 adscriptum
841 2847 900 2922 est,
923 2847 955 2906 et
977 2839 1051 2904 terri
1073 2840 1143 2905 sine
1165 2840 1263 2908 dubio
1284 2850 1399 2926 potest.

279 2936 389 3001 Nihilo
419 2935 524 3000 minus
551 2943 638 3002 recte
666 2956 701 3002 se
730 2937 830 3004 habet
852 2957 935 3021 quae
956 2938 1053 3019 vulgo
1076 2937 1212 3004 traditur
1233 2941 1399 3023 scriptura.

279 3035 507 3114 Χαρῖσασθαι
529 3034 615 3099 enirn
638 3035 665 3100 si
693 3036 846 3118 scripturn
869 3041 969 3117 esset,
1002 3034 1046 3098 ad
1068 3033 1187 3100 donum
1210 3036 1309 3119 illud,
1340 3059 1400 3121 quo

279 3132 457 3198 Pausanias
478 3131 547 3214 regi
567 3131 736 3197 Persarum
757 3131 929 3214 gratificari
952 3133 1087 3216 cupivit,
1111 3139 1271 3216 spectarat
1294 3137 1402 3203 {liceat

278 3230 452 3296 vernaculo
480 3234 622 3295 vertare:
656 3228 788 3310 „indam
815 3231 866 3294 ich
895 3230 945 3296 dir
967 3229 1112 3294 dadurch
1134 3231 1229 3295 einen
1252 3231 1401 3299 Getallon

279 3328 434 3394 erweisen
450 3326 562 3407 will“),
583 3325 788 3411 χαρίζεσθαι
811 3347 887 3393 vero
909 3329 1005 3394 latius
1026 3334 1117 3412 patet
1138 3328 1317 3412 meliusque
1332 3351 1402 3415 per-

279 3425 377 3490 fidum
398 3424 573 3510 proditoris
595 3425 736 3491 animum
751 3426 950 3511 exsequitur3
973 3447 1049 3492 nam
1065 3445 1129 3491 non
1145 3426 1248 3490 solum
1264 3428 1400 3510 captivis

279 3523 421 3590 remissis
443 3523 636 3588 Pausaniam
659 3523 727 3605 regi
748 3522 929 3606 gratificari,
952 3523 1010 3589 scd
1032 3523 1162 3588 omnino
1185 3523 1215 3588 ei
1236 3523 1399 3590 addictum

280 3625 313 3685 θῖ
345 3619 497 3686 devotum
530 3638 601 3686 esse
634 3618 785 3686 ostendit.
840 3619 963 3686 Eadem
995 3621 1092 3702 igitur
1112 3621 1145 3684 vi
1178 3626 1210 3686 et
1241 3623 1401 3704 gravitate

279 3735 436 3800 praesens
457 3723 584 3801 tempus
605 3717 657 3782 hio
678 3717 866 3782 instructum
883 3725 940 3798 est,
957 3737 1021 3799 qua
1037 3718 1125 3802 apud
1141 3718 1400 3798 Demosthenem,

281 3835 352 3879 oum
374 3813 554 3897 proditores
575 3815 709 3898 patriae,
734 3815 787 3897 qui
803 3814 953 3897 Philippo
967 3815 1131 3897 favebant,
1154 3813 1233 3892 τούς
1254 3813 1399 3896 μάλιστα
1499 3875 1500 3884 ,

215 3956 217 3967 ·
282 3909 458 3991 οἰομένους
480 3908 569 3996 αὐτῷ
584 3911 789 3996 χαρίζεσθαι
805 3911 881 3976 dicit
903 3911 968 3987 (Or.
985 3911 1065 3977 VIII
1080 3915 1099 3992 ξ
1115 3916 1177 3989 40).
1200 3911 1399 3997 Quamquam
1499 3897 1500 3950 3

280 4007 534 4074 tenendumest
555 4007 711 4092 Graecos,
742 4009 796 4092 qui
822 4009 869 4075 rai
898 4014 1048 4076 narratae
1069 4028 1273 4094 progressum
1294 4016 1401 4077 mento
