3020 4866
287 444 328 508 80
769 448 936 504 Ferssmann

285 626 443 688 structura
465 617 590 700 ἐλπίζω
614 619 713 701 ἑλεῖν,
735 620 817 686 illud
840 641 880 688 ex
902 621 1083 688 aeeusativo
1106 618 1174 704 (vel
1196 617 1408 703 nominative)

286 737 357 785 eum
378 717 535 784 infinitivo
557 717 683 798 ἐλπίζω
706 723 952 803 περιέσεσθαι,
981 719 1103 786 seilicet
1132 717 1218 800 quod
1240 725 1301 783 τοῦ
1324 717 1408 784 ἑλεῖν

285 816 432 900 proxime
453 815 577 884 aceedit
598 815 641 882 ad
670 817 808 901 simplex
829 836 948 884 nomen
977 813 1211 900 verbale·(n}9
1240 811 1408 893 ἁλώσεως,
1493 875 1494 900 ,

286 913 339 980 die
367 913 531 998 Hoffnung
567 914 624 980 eut
649 914 869 1000 Erebemng)‚
907 919 967 979 τοῦ
1001 919 1232 998 περιέσεσθαι
1260 931 1340 980 vero
1368 913 1410 979 sie

286 1017 390 1077 ortum
413 1018 471 1088 est,
494 1019 529 1078 ut
551 1019 619 1078 tota
635 1012 812 1078 enuntiatio
834 1011 982 1096 pendens
997 1031 1038 1078 ex
1052 1013 1151 1078 verbe
1168 1009 1306 1090 ἐλπίζω,
1330 1029 1411 1094 quae

285 1109 320 1174 in
342 1109 486 1176 oratione
509 1111 640 1192 oblique
661 1109 705 1176 ad
726 1109 875 1175 infinitivi
897 1111 1032 1176 formam
1053 1109 1209 1193 redigitur
1230 1105 1296 1186 (ὅτι
1314 1132 1412 1192 περι-

285 1211 424 1289 έσομαι,
467 1212 712 1292 περιέσεσθαι,
762 1207 815 1274 die
857 1207 1036 1290 Heffnung‚
1087 1206 1162 1272 dass
1206 1208 1258 1272 ieh
1302 1207 1413 1290 siegen

285 1304 424 1383 werde),
468 1306 603 1371 artieulo
636 1306 835 1388 praeposite,
873 1303 962 1371 fieret
997 1305 1243 1370 substantivum.
1301 1305 1414 1386 Itaque

286 1402 364 1469 satis
400 1402 604 1468 manifestum
649 1410 713 1484 est,
758 1402 949 1469 infinitivum
985 1402 1082 1467 luturi
1124 1404 1177 1468 vel
1219 1399 1413 1467 infinitivum
1494 1407 1495 1410 ’

287 1519 359 1566 eum
382 1495 422 1565 ἄν
445 1500 600 1566 sociatum
634 1498 789 1584 (exempli
817 1501 922 1584 gratia
950 1497 1048 1577 ἐλπὶς
1076 1506 1136 1565 τοῦ
1165 1499 1253 1566 ἑλεῖν
1283 1494 1324 1563 δν
1352 1497 1412 1586 τὴν

286 1595 402 1684 πόλιν)
438 1597 550 1664 eodem
583 1599 653 1682 ipso
686 1599 782 1664 modo
812 1599 980 1664 articulum
1009 1597 1165 1682 aeeipere,
1199 1617 1262 1681 que
1296 1599 1414 1682 plenae

287 1695 524 1762 enuntiationes
560 1697 629 1762 sive
665 1697 859 1780 principales
896 1697 965 1762 sive
1006 1694 1218 1762 seeundariae
1259 1701 1414 1778 tanquam

287 1793 480 1858 substantivi
508 1795 643 1858 articulo
671 1793 878 1870 instruantur,
907 1793 1018 1859 sicuti:
1054 1792 1093 1857 τὸ
1122 1798 1233 1877 γνῶθι
1261 1791 1413 1858 σεαυτόν.
1495 1809 1496 1826 ’

286 1889 325 1955 τὸ
349 1888 434 1956 πόσε
458 1889 512 1956 δεῖ
533 1891 642 1975 λέγειν
667 1888 805 1957 διδάσκε
834 1915 887 1973 με.
930 1888 1213 1976 καταχρήσασθαι
1237 1889 1291 1955 δεῖ
1312 1887 1412 1956 αὐτὸν

287 1993 335 2073 τῴ
348 1994 424 2065 πῶς
440 1986 473 2053 δ’
488 1982 529 2054 δν
545 1987 609 2072 ἐγώ
626 1985 759 2064 σοιόςδε
775 1987 897 2074 τοιῷδε
914 1987 1135 2075 ἐπεχείρησας
1160 1985 1255 2071 (Plat.
1271 1987 1409 2054 Phaedr.

287 2105 361 2170 pag.
385 2090 446 2152 273
469 2085 516 2171 b.)
561 2085 715 2152 Infinitivi
736 2092 843 2151 autem
865 2087 1045 2170 praesentis
1067 2093 1099 2151 et
1121 2085 1246 2163 amisti,
1269 2085 1325 2150 ubi
1347 2106 1410 2150 non

287 2183 331 2250 ad
351 2183 474 2250 futuras
488 2204 540 2250 res
562 2190 717 2267 speetant
742 2190 860 2249 eertam
883 2204 996 2250 ansam
1018 2181 1228 2266 dijudicandi,
1250 2191 1356 2248 utrum
1372 2201 1413 2249 ex

287 2281 470 2365 aecusativp
493 2301 564 2347 eum
586 2282 641 2346 ini.
665 2281 726 2346 orti
749 2283 813 2348 sint
834 2302 876 2347 an
899 2301 917 2348 e
940 2281 1075 2364 simpliei
1098 2279 1257 2346 infinitivo
1286 2299 1413 2345 emana-
1496 2285 1497 2336 l

287 2379 402 2456 verint,
426 2399 491 2444 nen
513 2379 680 2464 praebent,
703 2399 897 2462 quamquam
919 2377 1158 2445 coneedeudum
1181 2384 1230 2443 est
1252 2376 1412 2460 Madvigie

288 2481 375 2560 (pag.
399 2479 468 2554 31),
498 2476 673 2562 simplicius
703 2483 735 2542 et
763 2476 968 2544 verisimilius
997 2495 1110 2549 omnes
1131 2474 1289 2558 ejusmodi
1312 2476 1412 2541 elnen-

287 2575 391 2641 tienes
415 2594 433 2640 e
455 2575 592 2660 simplici
614 2573 773 2640 infinitivo
796 2575 967 2658 explicari:
990 2573 1044 2656 IV,
1072 2578 1119 2649 17,
1143 2577 1162 2638 3
1187 2570 1296 2637 διὰτὸ
1321 2569 1411 2638 εὐτυ·
1497 2639 1498 2656 ,

285 2680 390 2760 χῆσαι
405 2673 525 2756 infulge
543 2675 629 2740 ihres
645 2673 803 2756 Glllekes3
827 2673 880 2748 v1,
896 2675 947 2754 49,
965 2674 984 2734 2
1008 2670 1065 2736 διὰ
1086 2669 1124 2734 τὸ
1148 2667 1306 2736 ἀπιστεῖν
1323 2676 1409 2756 σφᾶς

288 2965 325 3034 ἐκ
348 2973 408 3032 τοῦ
423 2967 586 3048 πολεμεῖν
608 2985 666 3032 aus
682 2966 739 3031 der
754 2963 1003 3047 Kriegtllhrung.
1040 2963 1079 3028 ld
1096 2970 1220 3030 tantum
1235 2962 1408 3044 Madvigius

288 3066 358 3132 sine
375 3067 466 3149 justa
480 3083 577 3130 eausa
592 3062 787 3129 eontenrlere
803 3062 931 3128 videtur
946 3059 1064 3144 (ibim),
1087 3061 1198 3127 aurisii
1213 3058 1407 3134 infinitivum,

288 3163 340 3228 eui
372 3161 506 3228 annelat
538 3161 753 3237 aecusativus,
791 3158 956 3242 praeteriti
991 3159 1145 3246 temporis
1181 3155 1407 3240 signifieatione

289 3260 405 3338 ornari,
428 3265 463 3324 ut
486 3259 527 3340 ΙΙ,
553 3261 602 3339 81,
627 3264 646 3322 5
674 3263 740 3322 τῶν
771 3255 807 3323 δὲ
827 3253 1023 3342 Ἑλληνικῶν
1047 3253 1287 3337 στρατοπέδων
1317 3252 1426 3334 οὐδε,

288 3381 386 3443 τερον
414 3352 545 3443 ᾔσθετο
574 3361 635 3441 τῆς
662 3353 771 3441 μάχης
800 3353 857 3419 διὰ
885 3352 923 3417 τὸ
952 3353 1038 3418 πολὺ
1061 3352 1259 3438 προελθεῖν.
1295 3353 1348 3433 IV,
1371 3351 1408 3416 88

290 3454 327 3522 οἱ,
347 3453 383 3521 δὲ
395 3451 577 3524 Ἀκάνθιοι
605 3487 647 3498 -
677 3451 735 3518 διὰ
763 3453 802 3516 τὸ
832 3449 994 3535 ἐπαγωγὰ
1023 3449 1134 3516 εἰπεῖν
1156 3448 1215 3514 τὸν
1238 3448 1405 3533 Βρασίδαν

289 3589 332 3600 -
360 3551 509 3638 ἐ’χνωσαν
540 3550 572 3616 ολ
601 3549 740 3627 πλείους
769 3547 988 3637 ἀφίστασθαι
1006 3544 1217 3634 Ἀθηναίων.
1258 3547 1295 3629 V,
1322 3547 1405 3628 ll,3

292 3649 409 3714 διὰτὸ
432 3648 475 3734 μὴ
500 3647 537 3715 ἐκ
561 3646 798 3732 παρατάξεως,
827 3643 896 3712 ἀπὸ
921 3646 957 3712 δὲ
981 3643 1139 3731 τοιαύτης
1162 3646 1335 3724 ξυντυχίας
1355 3642 1404 3708 καλ

291 3745 584 3833 πραεκφοβήσεως
611 3745 671 3832 τὴν
700 3743 808 3831 μάχην
845 3743 970 3825 μᾶλλον
999 3747 1178 3826 paverem:
1216 3761 1291 3806 nam
1320 3748 1352 3807 et
1376 3741 1406 3803 iu

292 3843 412 3908 talibus
441 3845 614 3911 enuntiatis
641 3842 817 3909 infinitivus
845 3860 963 3907 nomen
985 3841 1117 3907 verbale
1138 3840 1208 3905 sine
1230 3839 1308 3904 eerti
1337 3846 1406 3904 tem-

291 3939 379 4024 peris
410 3939 641 4024 significatione
673 3941 786 4006 haberi
818 3945 940 4023 petest,
976 3945 1011 4004 ut
1041 3938 1075 4004 in
1108 3935 1289 4004 adulterino
1318 3952 1404 4018 quem

292 4055 444 4104 vocamus
459 4038 640 4115 accusative
656 4057 726 4110 eum
747 4035 914 4102 infinitivo.
952 4037 1040 4112 Quae
1055 4056 1126 4103 uum
1140 4037 1185 4102 ita
1199 4035 1273 4111 sint,
1296 4030 1403 4103 omnia,
