2958 4868
352 443 395 498 De
411 443 543 500 vocalium
560 457 719 514 graecarum
736 443 904 515 hyphacresi.
1154 443 1194 508 89

74 637 147 700 ρεια
169 622 202 682 et
223 611 411 702 ἐπηρεάζω,
435 621 468 683 et
488 617 546 681 καὶ
568 615 603 684 ἓν
626 625 659 684 et
680 613 742 682 adv
764 617 798 682 in
818 637 878 683 usu
898 623 992 685 asset.
1037 619 1111 686 Non
1126 625 1193 686 tam

74 713 208 797 simplici
239 713 364 778 ratione
395 714 524 780 vocales
553 715 652 782 durae
681 739 702 778 α
719 738 769 780 eo
797 739 884 802 —q
915 721 947 782 et
974 739 1000 780 ω
1029 737 1193 800 nunquam

73 811 237 878 elisionem
263 811 427 894 patiuntur
455 845 497 858 ·-
526 813 603 878 elidi
625 813 782 896 videntur,
812 813 961 896 quoniam
984 815 1194 884 semivocales

73 929 153 993 quae
175 909 223 975 eis
249 909 481 992 respondeant,
517 910 590 994 utj
610 917 642 976 et
662 935 684 975 s
704 911 869 977 vocalibus
893 935 904 975 ι
928 917 960 978 et
982 937 1010 994 v,
1043 933 1108 978 non
1137 933 1194 980 ex·

72 1012 171 1090 stant,
193 1007 302 1088 itaque
323 1026 446 1072 summo
465 1007 539 1090 jure
560 1009 593 1072 in
617 1009 811 1091 explicanda
836 1009 1048 1093 hyphaercsis
1068 1013 1193 1080 ratione

72 1125 123 1172 eas
147 1125 167 1170 a
189 1103 353 1170 vocalibus
381 1105 533 1171 mollibus
561 1103 812 1188 segregabimus.
862 1107 909 1172 Ac
930 1109 1192 1191 nostraquidcm

71 1202 243 1287 disputatio
261 1219 300 1268 eo
322 1203 523 1285 potissimum
538 1204 704 1286 spectabit,
728 1210 763 1268 ut
777 1223 888 1271 omnes
903 1239 945 1250 -
960 1225 1041 1288 quas
1062 1208 1191 1290 quidem

69 1299 242 1386 poterimus
273 1333 316 1348 —·
348 1299 483 1384 formas,
516 1301 550 1366 in
579 1301 695 1384 quihus
722 1303 852 1369 vocales
880 1303 980 1370 durae
1013 1303 1191 1389 ejiciantur,

69 1415 278 1481 congeramus
306 1403 339 1462 et
366 1397 454 1481 leges
482 1399 535 1464 vol
563 1400 692 1482 regulas
721 1399 876 1481 quasdam
905 1401 1100 1484 investigare
1128 1411 1193 1469 stu·

71 1497 217 1576 deamus,
251 1513 332 1576 quas
360 1494 471 1579 lingua
499 1515 615 1578 graeca
643 1497 676 1562 in
707 1497 867 1563 elidendis
890 1499 1056 1565 vocalibus
1081 1507 1192 1567 secuta

69 1593 116 1660 sit.
162 1593 228 1660 Sed
257 1612 312 1658 eas
341 1613 466 1677 quoque
494 1595 613 1660 formas
640 1594 810 1660 afferemus
839 1615 896 1660 suo
926 1615 1085 1679 quamque
1108 1599 1190 1682 loeo,
1240 1641 1243 1650 ι

69 1709 150 1774 quae
186 1692 329 1757 vocalem
367 1691 513 1756 amisisse
555 1691 661 1757 adhue
704 1691 906 1758 existimatae
943 1700 1031 1776 sunt,
1079 1715 1191 1762 verum

68 1788 195 1872 injuria.
239 1790 425 1873 Priusquam
449 1795 556 1854 autem
578 1788 716 1856 mediam
740 1789 773 1855 in
795 1809 862 1856 rem
885 1790 1068 1875 veniamus,
1093 1794 1190 1860 etiam

68 1886 156 1951 aliud
178 1885 331 1970 quiddam
352 1885 464 1970 paucis
485 1887 668 1971 astringam.
1071 1881 1074 1888 ’

150 1985 224 2051 Jam
247 1992 344 2050 antea
365 1984 489 2065 monui,
519 1984 714 2070 hyphaeresi
736 1984 931 2068 respondere
953 1987 1112 2052 vocalium
1135 1989 1191 2054 eli·

69 2082 205 2164 sionem,
240 2082 384 2166 quaein
412 2080 475 2148 fine
503 2083 672 2149 verborum
701 2082 773 2167 fiat,
806 2081 974 2149 videamus
995 2084 1092 2166 igitur
1113 2107 1190 2152 num

71 2180 145 2264 quid
174 2199 216 2246 ex
244 2180 484 2264 comparatione
505 2199 576 2245 eum
598 2181 668 2248 illa.
683 2181 817 2246 elisione
845 2178 998 2263 proficere
1019 2184 1188 2267 possimus,

70 2277 153 2360 quod
174 2277 217 2342 ad
239 2285 380 2344 nostram
403 2278 622 2360 quaestionem
644 2278 869 2343 illustrandam
893 2285 1025 2360 spectet.

149 2375 278 2441 Ahrens
299 2376 330 2439 iu
356 2375 580 2459 disputationis
603 2374 666 2457 „de
688 2375 770 2440 crasi
792 2381 824 2440 et
846 2375 1038 2458 aphaeresi“
1059 2398 1090 2460 p.
1110 2384 1122 2442 1
1142 2399 1189 2462 sq.

68 2474 273 2557 sagacissime
301 2473 466 2557 exposuit,
500 2471 634 2538 elisione
662 2491 720 2538 scu
747 2472 858 2555 thlipsi
885 2473 1029 2538 vocalem
1060 2474 1189 2541 finalem

68 2591 281 2654 non-prorsus
303 2570 415 2651 deleri,
437 2569 495 2637 sed
517 2569 657 2637 deminui
680 2577 814 2651 tantum,
837 2570 883 2635 ita
904 2577 939 2635 ut
956 2571 1073 2654 exigua
1094 2591 1190 2654 quae·

69 2669 139 2734 dam
174 2667 244 2752 ejus
276 2689 351 2753 pars
379 2670 628 2752 relinqueretur,
662 2687 744 2750 quae
775 2687 881 2750 neque
908 2675 1073 2734 accentum
1106 2669 1189 2738 ferre

69 2768 189 2832 valeret
218 2785 322 2850 neque
352 2787 460 2832 morae
489 2767 575 2832 vices
605 2765 779 2847 sustinere,
816 2772 850 2830 ut
883 2765 917 2830 in
946 2766 1097 2850 rhythmo
1130 2788 1188 2852 pro
1279 2789 1284 2798 ·

69 2863 166 2929 nihilo
188 2863 341 2930 habenda
363 2871 457 2946 esset,
481 2885 610 2948 prorsus
631 2871 737 2928 autem
760 2882 953 2930 evanescere
975 2865 1137 2945 vocalem,
1161 2867 1189 2933 si

70 2980 147 3042 qnae
169 2979 281 3043 voees,
316 2962 450 3042 elisione
478 2962 578 3044 iacta,
613 2966 781 3045 praeterea
802 2961 886 3027 crasi
908 2961 1187 3045 conjungerentur.

71 3057 178 3141 Neque
200 3058 302 3138 aliter,
326 3059 408 3124 utin
424 3060 606 3124 universum
629 3058 841 3142 hyphaeresis
855 3065 1001 3124 naturam
1019 3061 1187 3144 explicem,

71 3157 192 3234 vocales
214 3157 323 3222 media
343 3157 378 3221 in
399 3175 478 3222 voce
494 3156 568 3239 ejici
589 3175 778 3240 persuasum
801 3158 921 3242 hahe03
944 3158 1079 3242 primum
1103 3159 1188 3226 enim

71 3255 192 3321 vocales
215 3253 452 3333 deminuuntur,
476 3254 576 3320 sicin
600 3259 724 3328 actaeo,
748 3275 811 3337 qua
832 3255 866 3320 in
888 3275 966 3321 voce
990 3254 1188 3322 deminutam

71 3353 185 3419 vocalis
199 3357 393 3435 potestatem
408 3351 531 3417 minore
545 3352 672 3418 litterae
684 3377 698 3418 ε
710 3351 812 3435 figura
826 3352 969 3435 significo
984 3373 1042 3436 pro
1057 3358 1186 3434 ποιέεο,

72 3455 101 3511 ut
120 3449 153 3513 in
173 3449 231 3514 illo
253 3444 372 3536 γαλήν’
390 3443 468 3532 ὁρῶ,
491 3456 527 3514 ut
545 3449 580 3514 in
600 3450 794 3533 francogall:
817 3451 927 3526 Poma,
942 3449 1081 3534 juvene,
1104 3471 1187 3534 quae

72 3543 189 3613 Ahrens
225 3547 258 3622 (l.
287 3547 323 3623 l.)
362 3547 465 3614 affert.
520 3547 722 3612 Extenuatae
753 3548 880 3614 vocales
915 3554 981 3612 tum
1017 3547 1187 3630 paullatim

72 3659 192 3721 prorsus
220 3652 431 3718 evanescunt,
465 3651 499 3710 ut
527 3663 554 3710 e.
577 3665 607 3728 g.
633 3669 648 3710 ε
676 3645 710 3709 in
733 3650 833 3710 ποιέο
861 3665 919 3728 pro
948 3650 1076 3710 ποιέεο.
1121 3646 1187 3713 Sed

72 3741 240 3807 accuratius
274 3739 314 3807 de
349 3741 410 3807 hac
442 3761 477 3807 re
509 3743 543 3807 in
574 3741 709 3825 singulis
745 3748 869 3808 tantum
906 3743 1014 3808 formis
1046 3743 1187 3826 judicari

72 3841 179 3915 potest.

150 3935 230 4000 'Ihm
253 3935 350 4003 etiam
371 3934 460 4002 aliud
482 3955 523 4003 ex
541 3937 779 4021 comparatione
801 3957 872 4003 eum
896 3941 1030 4003 externa
1051 3938 1109 4004 illa
1131 3940 1187 4005 eli·

72 4027 155 4098 sione
175 4033 365 4100 concludere
386 4055 565 4118 possumus,
598 4035 720 4102 scilicet
742 4035 886 4122 syllabas
908 4035 1055 4117 quamvis
1077 4043 1186 4102 acutas
