2958 4868
553 1235 678 1312 Carus
704 1237 733 1310 I.

90 1423 138 1490 ul
165 1423 282 1504 uuus
309 1423 370 1488 ιι)
399 1421 716 1488 nursicuuunu
744 1419 968 1488 ursouusrs
992 1421 1202 1490 urrunnu

198 1520 349 1588 lusus
371 1517 571 1586 esculus
594 1519 708 1587 suun
731 1519 759 1583 n
781 1517 897 1585 visis
921 1517 1074 1586 nocuis

479 1615 806 1684 securisumus.
843 1703 852 1712 ,

163 1763 352 1830 Homericae
374 1763 504 1830 dialecti
527 1783 598 1830 cam
620 1763 825 1844 anomalum,
850 1781 914 1844 qua
933 1762 1042 1828 multis
1063 1762 1098 1828 in
1119 1761 1204 1828 voci-

90 1860 149 1944 bus,
171 1863 198 1928 si
222 1861 350 1944 quidem
374 1879 429 1927 eas
451 1881 522 1926 cum
544 1860 653 1925 formis
675 1861 772 1925 attico
787 1879 934 1926 sermone
955 1860 1098 1943 probatis
1120 1879 1204 1924 corn-

90 1977 231 2040 paramus
238 2007 246 2040 ,
280 1959 398 2050 longae
428 1958 543 2045 vocali
565 1961 618 2024 rel
654 1958 855 2042 diphthongo
888 1959 995 2024 brevis
1022 1959 1075 2024 vel
1104 1958 1204 2041 longa

90 2054 226 2137 ejusdem
260 2057 388 2138 generis
419 2057 541 2122 vocalis
575 2056 644 2122 sive
680 2056 824 2140 praefixa
855 2057 924 2124 sive
954 2056 1101 2122 subnexa
1132 2075 1203 2122 esse

89 2153 206 2220 videtur
213 2202 222 2235 ‚
252 2154 342 2218 multi
365 2160 397 2219 et
420 2153 503 2218 docti
532 2153 677 2220 homines
705 2173 775 2219 oum
798 2154 997 2235 antiquitatis
1018 2161 1084 2219 tum
1108 2154 1204 2237 hujus

90 2251 202 2317 saeculi
224 2251 387 2334 explicare
408 2251 514 2316 conati
537 2257 622 2316 sunt.
661 2250 801 2330 Quorum
823 2251 873 2316 illi
895 2250 1034 2334 quidem,
1058 2251 1112 2334 qui
1133 2271 1204 2336 per·

89 2349 180 2415 versis
204 2349 246 2414 de
267 2349 398 2432 liuguae
426 2356 541 2414 natura
563 2349 767 2434 opinionibus
791 2348 931 2415 devincti
959 2369 1000 2415 ex
1021 2350 1117 2414 attico
1140 2369 1204 2416 ser-

89 2465 175 2514 mone
205 2449 314 2513 omnia
342 2447 517 2531 explanare
546 2447 730 2530 voluerunt,
768 2452 803 2512 ut
837 2447 870 2512 in
900 2448 1014 2513 ceteris
1044 2446 1205 2530 ejusmodi

89 2545 321 2624 quaestionibus
343 2546 409 2610 iere
431 2545 594 2624 omnibus,
626 2546 673 2608 ita
699 2544 733 2608 in
756 2544 852 2627 hujus
880 2544 1062 2610 anomaliae
1089 2551 1205 2610 natura

89 2639 266 2707 definienda
294 2661 359 2707 uon
388 2661 495 2708 errare
522 2662 587 2706 non
614 2647 795 2726 potuerunt.
839 2641 943 2724 Hujus
976 2662 1053 2707 vero
1089 2643 1205 2709 aetatis

88 2740 250 2822 philologi,
272 2747 442 2824 postquam
466 2740 598 2804 duorum
619 2739 776 2823 imprimis
794 2738 933 2804 virorum
955 2739 1125 2805 illustrium
1141 2747 1205 2805 stu-

89 2835 144 2903 diis
163 2839 357 2920 meritisque‚
381 2837 544 2904 Francisci
559 2837 663 2921 Boppi
684 2843 716 2902 et
730 2836 843 2904 Jacobi
859 2837 1002 2922 Grimmi,
1025 2837 1068 2904 ad
1090 2857 1204 2902 sanum

86 2933 233 3015 judicium
258 2935 299 3000 de
320 2936 451 3018 liuguae
473 2942 588 3000 natura
613 2943 708 3017 atque
737 2936 846 3002 indole
873 2936 1019 3019 perducti
1048 2942 1136 3017 suut,
1171 2941 1205 3002 ut

90 3033 212 3098 omuino
234 3034 416 3099 homericae
439 3031 568 3098 dialecti
585 3051 668 3115 quac
691 3043 777 3100 esset
798 3033 943 3099 condicio
965 3033 1068 3116 magis
1090 3034 1206 3116 magis-

90 3145 145 3208 que
166 3137 394 3213 oognoverunt,
416 3130 463 3195 ita
485 3129 582 3196 etiam
604 3131 637 3194 iu
661 3149 709 3211 ea,
738 3130 778 3196 de
801 3149 864 3213 qua
885 3150 970 3196 nunc
988 3127 1105 3214 ¹agitur,
1129 3151 1210 3196 anos

90 3227 181 3294 malie
208 3227 404 3312 explicanda
430 3229 566 3293 multum
593 3227 806 3311 proiecerunt.
850 3227 916 3296 Sed
944 3229 1053 3294 variae
1081 3248 1103 3294 a
1128 3229 1206 3294 viris

92 3320 186 3391 doctis
208 3333 240 3390 et
262 3345 356 3407 quam
380 3326 520 3392 maxime
541 3325 625 3390 inter
646 3345 682 3392 se
705 3325 924 3411 discrepantes
952 3325 993 3391 dc
1022 3345 1062 3391 ea
1089 3344 1125 3390 re
1148 3345 1205 3391 ex-

91 3420 274 3502 plicationes
296 3421 442 3506 prolatae
463 3429 552 3507 suut3
575 3423 672 3487 immo
687 3423 733 3490 ita
749 3425 907 3489 caecutire
927 3423 1024 3489 etiam
1045 3423 1106 3488 hoc
1127 3429 1205 3488 tem-

90 3537 162 3598 pore
188 3527 360 3604 potuerunt
384 3521 546 3602 nonnulli,
576 3526 612 3585 ut
639 3520 748 3586 futiles
776 3527 918 3585 veterum
941 3521 1118 3586 sententias
1140 3541 1206 3586 am·

91 3615 314 3696 plecterentur:
338 3621 436 3701 quare
457 3618 544 3682 haud
565 3619 678 3683 inutile
693 3618 761 3684 iore
782 3617 903 3700 putavi,
926 3616 959 3681 in
982 3637 1053 3682 eam
1076 3613 1206 3684 anoma-

91 3709 177 3795 liam,
211 3735 308 3798 quam
329 3717 426 3798 vulgo
450 3716 654 3781 diectasin
683 3717 866 3800 appellant,
902 3713 1007 3780 denuo
1035 3716 1205 3798 inquirere.

92 3806 159 3886 Qua
178 3812 382 3894 inquisitione
397 3814 456 3879 etsi
470 3849 512 3860 --
528 3813 613 3896 quod
635 3819 701 3877 tam
716 3832 815 3896 saepe
836 3813 870 3876 in
892 3813 942 3878 his
965 3814 1207 3895 quaestionibus

93 3904 281 3976 difficillimis
303 3909 420 3975 accidit
451 3947 492 3956 -
526 3931 591 3975 non
615 3910 657 3976 ad
680 3931 752 3976 eum
774 3909 868 3975 finem
897 3912 1138 3994 perveniemus,
1171 3917 1206 3976 ut

93 4001 244 4073 affirmare
271 4008 444 4091 possimus,
473 4007 543 4090 jam
572 4009 695 4073 nullum
721 4008 826 4073 locum
849 4007 959 4074 datum
988 4028 1059 4074 csse
1082 4009 1206 4073 dubita·
