2972 4868
253 427 316 490 284
746 427 886 484 Fritasche
1001 463 1004 470 ·

253 599 366 666 ricasse
393 607 521 684 praeter
547 599 750 666 Eustathium
784 608 816 666 et
850 602 1076 684 grammaticos
1111 601 1187 668 illos
1219 601 1376 683 antiquos,
1474 587 1475 594 '

253 717 386 780 quorum
422 698 504 762 ratio
542 717 651 764 earum
678 717 785 764 rerum
821 699 913 763 nulla
942 705 1011 764 erat
1046 706 1177 783 praeter
1213 699 1376 764 literarum

245 794 494 863 similitudinem
517 791 637 879 (ul-w),
668 815 731 880 qua
752 797 823 861 sola
844 793 973 876 τοχύνω
995 796 1077 862 illud
1098 795 1220 876 nititur,
1243 795 1276 860 ni
1297 795 1377 861 torte

252 891 365 977 hymni
387 911 513 975 quoque
533 893 567 957 in
591 893 671 960 Ven.
695 912 807 958 versus
829 897 889 960 237
914 895 1082 974 suadebat,
1105 895 1223 960 collato
1245 915 1276 959 r.
1300 897 1378 975 2343

253 989 312 1056 sed
334 998 380 1052 est
402 999 497 1066 κῖκυς
519 989 539 1054 i.
556 1011 585 1074 q.
603 990 743 1075 δύναμις
759 991 875 1078 (Hes),
897 993 1055 1077 probante
1077 988 1196 1068 ἄκικυς
1218 991 1379 1074 adjectivo

253 1093 285 1153 et
309 1088 435 1153 ratione
457 1089 681 1172 etymologica.

338 1199 586 1282 κο-κκό-αξ·
610 1201 737 1292 κορώνη
760 1223 878 1272 nomen
894 1211 944 1270 est
961 1203 1005 1269 ad
1025 1204 1114 1270 vocis
1136 1203 1376 1269 similitudinem

252 1295 374 1382 fiotum,
397 1297 461 1364 nisi
483 1297 558 1364 Hes.
582 1299 725 1367 indicare
746 1303 830 1368 vult:
854 1299 1003 1388 κορώνης
1025 1296 1242 1388 ἐπιφώνημα.

339 1410 624 1496 κο-κκο-βόος
641 1411 734 1500 ὄρνις
748 1417 866 1500 legitur
881 1415 979 1502 Soph.
995 1416 1032 1480 ir.
1048 1419 1111 1481 900
1128 1417 1178 1497 D.,
1201 1415 1257 1480 nbi
1272 1411 1376 1480 Bothii

253 1517 433 1575 correctura
455 1531 520 1576 non
543 1532 623 1596 opus
646 1513 714 1579 luit.

338 1621 504 1703 κό-κκυ,
541 1625 760 1708 κο-κκύ-ζ·ω,
796 1626 952 1707 κό-κκυ-ξ
987 1625 1075 1709 (gen.
1103 1626 1232 1710 -ῡγ-ος)
1265 1624 1376 1692 eodem

252 1720 349 1786 modo
371 1729 448 1804 puto
473 1721 638 1806 duplicata
660 1733 849 1808 essentque
873 1722 1068 1804 κα-κκά-ζω,
1094 1721 1290 1803 κο-κκό-αξ,
1313 1719 1376 1804 μά-

251 1841 334 1900 μμα,
358 1815 505 1898 νά-ννος,
529 1820 722 1900 ποί-ππα-ς,
745 1821 950 1902 πο-ππύ-ζω
968 1829 1026 1888 ete.
1057 1822 1141 1888 Nam
1156 1821 1210 1904 qui
1233 1825 1376 1887 statrrnnt

252 1913 494 1998 radicemve,
523 1917 599 1984 inde
629 1943 786 1994 κοκ-κυκ,
820 1945 839 1984 κ
867 1919 900 1984 in
923 1942 942 2003 y
964 1925 1086 1984 mutato
1110 1941 1266 2002 κοκ-κυγ,
1292 1917 1377 1982 unde

252 2010 404 2090 κοκκύζω
428 2021 460 2079 et
481 2015 600 2082 amisso
624 2015 761 2081 κκόκκυ
786 2017 834 2102 (O.
852 2016 906 2082 Gr.
930 2017 986 2082 Nr.
1003 2015 1070 2100 66)²
1091 2017 1270 2098 longiorem
1292 2015 1376 2080 viam

251 2109 402 2177 incedere
423 2111 583 2178 videntur.
628 2139 725 2178 κο-κυ
755 2117 839 2180 enim
869 2114 1067 2196 duplicatum
1096 2113 1256 2178 indicatur
1278 2111 1375 2176 latino

252 2227 389 2289 cu-cu-a,
427 2211 580 2273 cra-czt-lna
614 2213 812 2294 palaeoslav.
849 2209 1049 2290 lna-taa-ica,
1086 2210 1125 2274 cl.
1159 2211 1207 2275 lit.
1241 2207 1382 2272 au-er-a·
1474 2209 1475 2214 ’

252 2305 357 2369 cuculi
389 2325 500 2371 vocem
534 2296 630 2376 edere
663 2307 731 2392 (F.²
753 2307 825 2392 44),
856 2329 937 2390 quae
966 2308 1074 2372 emnia
1098 2314 1207 2372 coorta
1235 2313 1309 2374 sunt
1336 2325 1374 2372 ex

252 2403 356 2467 cuculi
378 2404 615 2472 vociferationis
637 2407 830 2488 imitatione;
856 2431 916 2470 κοκ
932 2412 1039 2470 autem
1055 2405 1197 2470 radicem
1219 2402 1371 2488 (duplica-

251 2500 339 2565 tione
361 2509 473 2580 ortam,
496 2525 527 2568 ν.
542 2504 614 2569 inlr.
637 2526 662 2570 s.
679 2525 709 2568 v.
732 2502 926 2587 καυκαλίος)
949 2524 990 2568 ne
1012 2503 1208 2586 duplicatam
1231 2508 1374 2584 putemus

252 2594 424 2681 (κοκ-κυκ)
453 2607 542 2665 vetat
564 2601 649 2684 quod
677 2603 709 2666 in
738 2602 850 2684 lingua
878 2622 994 2684 graeca
1016 2620 1074 2666 eae
1102 2605 1226 2664 tantum
1253 2597 1374 2664 radices

251 2694 398 2776 integrae
434 2699 651 2778 geminantur,
690 2719 772 2781 quae
809 2707 865 2762 aut
893 2719 913 2762 a
942 2697 1047 2764 vocali
1076 2697 1233 2780 incipiunt
1261 2695 1372 2759 autin
1473 2767 1474 2778 ρ

251 2792 396 2856 vocalem
418 2796 471 2859 vel
495 2819 513 2877 ρ
537 2797 589 2860 vel
613 2820 630 2859 ν
653 2795 813 2878 desinunt,
841 2796 880 2862 de
903 2817 966 2879 qua
987 2815 1021 2860 rc
1043 2817 1117 2860 mox
1141 2793 1292 2858 dicemus.

241 2913 245 2920 ’
337 2924 534 2990 κο-κύ-αι
571 2945 611 2990 ea
649 2947 744 3008 quam
786 2927 919 2992 tradidit
959 2927 1034 2992 Hes.
1071 2924 1305 3008 significatione
1341 2919 1371 2986 ot

222 3093 230 3102 g
251 3020 408 3104 πάπποι,
437 3021 470 3086 οἱ
493 3021 679 3106 πρόγονοι,·
702 3025 741 3089 oi.
765 3023 903 3101 κοκύος·
930 3019 948 3088 ὅ
971 3022 1156 3108 πρόγονος,
1186 3023 1276 3103 λέξις
1300 3016 1370 3097 ιὀκή

251 3121 290 3185 Ε.
312 3121 365 3202 M„
389 3119 506 3203 legitur
527 3121 623 3184 Anth.
648 3125 677 3200 9,
702 3118 765 3185 312'
786 3123 819 3186 in
848 3123 990 3187 carmine
1012 3122 1119 3187 dorico
1141 3127 1173 3186 et
1194 3119 1282 3202 apud
1303 3136 1374 3201 poe
1472 3153 1473 3156 κ

173 3226 177 3247 “
250 3221 317 3282 tam
339 3217 484 3298 ignotum
506 3215 663 3304 (κοκυῃσι
679 3269 686 3282 .
704 3269 711 3284 .
729 3269 736 3283 .
753 3216 926 3306 ἀρχοίῃοι)
950 3239 1042 3301 quem
1066 3218 1178 3283 laudat
1199 3215 1289 3282 Suid.
1305 3236 1328 3280 s.
1343 3233 1372 3276 r.

250 3313 294 3379 At
322 3313 608 3383 eodemcidentur
636 3323 782 3400 spectare
812 3322 917 3380 κουκᾶ
947 3325 992 3388 (-ν
1016 3337 1034 3380 e
1056 3323 1180 3380 κοκυᾶν
1209 3310 1372 3398 epenthesi

252 3411 381 3476 ortum?
412 3431 455 3475 an
478 3419 620 3477 κουκ-ᾶν
643 3445 684 3464 ==
707 3421 827 3477 κυκ-οἶν
849 3413 1009 3491 boeot.‘l)·
1032 3412 1185 3478 πάππων
1208 3411 1284 3476 Hes.
1307 3407 1369 3490 (qui
1414 3485 1417 3491 ¹

251 3509 344 3574 addit
367 3503 388 3594 ἢ
410 3511 586 3595 κυκεῶνα),
616 3516 770 3588 κυκοίας·
804 3509 993 3594 προγόνους
1014 3510 1070 3588 id,
1102 3509 1239 3573 fortasse
1261 3509 1368 3591 γοναί·

251 3603 402 3682 πάπποι,
425 3613 543 3694 γυγαὶη
568 3607 640 3688 νύξ·
665 3604 683 3696 ἡ
708 3607 863 3692 οκοτεινή
887 3609 943 3692 (an
960 3606 1133 3693 ιῦγυγίηῖ).
1163 3607 1268 3681 Quare
1290 3601 1367 3686 quod

251 3702 365 3767 Fickio
393 3704 536 3786 placuir2
559 3710 636 3783 207,
674 3708 727 3788 qui
755 3725 814 3770 scr.
844 3705 934 3769 lac-i
960 3705 1024 3789 (vir
1046 3705 1191 3788 sapiens,
1220 3695 1366 3785 proavus)

204 3873 206 3878 ,
252 3802 383 3880 confert,
407 3803 495 3868 haud
517 3823 675 3885 quaquam
698 3811 831 3868 constat.

337 3912 473 3992 κο-χύ·
498 3910 594 3977 πολύ.
615 3913 743 4002 πλῆρες
759 3913 835 3977 Her.
851 3911 968 3978 radicis
984 3919 1033 3978 est
1048 3935 1087 3992 χυ
1103 3914 1203 3990 (χέω).
1218 3943 1260 3988 -r
1274 3931 1363 3987 κοχυ-

254 4006 341 4073 ὁεῖν·
364 4002 549 4092 ὖπερῆρειν.
573 4008 723 4089 κοχυὸεῐ·
747 4010 799 4097 ῥεῖ
821 4007 964 4093 ἰσχυρῶς
988 4011 1045 4074 καὶ
1065 4006 1151 4090 μετὰ
1172 4003 1290 4094 ψόφου
1311 4003 1361 4068 καὶ
