2972 4868
450 440 484 496 de
500 391 712 510 radnpbaatione
727 455 834 510 graeca.
1136 437 1199 500 317

87 611 229 694 stridore,
261 611 301 678 el.
323 611 508 679 odram-ann
528 611 615 696 apis,
644 609 731 677 nnn.
761 616 889 678 brena-a
924 638 948 696 μ
977 619 1084 680 summ
1112 614 1199 696 qued

86 709 167 794 prior
185 709 313 794 syllaba
333 709 464 776 exhibet
485 709 615 776 minime
637 709 750 776 eadem
772 717 823 776 est
848 729 990 778 oonsona
1011 730 1106 793 quam
1128 711 1199 778 rad.

83 807 233 874 sanserita
254 807 288 872 in
310 805 373 876 line
395 807 537 891 praebet,
560 811 595 870 ut
617 807 687 872 volt
701 805 846 874 Gerland
862 811 918 873 51:
941 827 1091 892 grassum
1114 809 1199 875 enim

84 900 268 972 vooabnlum
291 923 310 972 e
330 905 478 972 breviore
499 903 601 969 lorma
621 903 712 966 bbar·
725 903 820 989 (φρε)
844 910 946 970 ortum
976 915 1040 991 est,
1079 910 1117 976 ol.
1140 929 1198 979 sor.

85 1001 277 1066 bom-bdnrm
309 1002 394 1087 apis,
433 999 660 1066 bom-bbor-dls'
691 1019 802 1068 musea
838 1008 879 1078 (v.
908 1005 1129 1093 esrdppdoivl.
1157 1043 1200 1083 ff-

85 1099 254 1188 Πεφρηὸώ
277 1100 384 1168 Graea
406 1097 482 1168 Hes.
505 1099 550 1166 th.
567 1101 638 1164 273.

162 1193 1197 1287 ταν-θαρ-ίζω,-ύζωςηωιιι,ταν-θαλ-ύζει·τρέμει.

83 1297 232 1380 Δωριεῖς.
256 1293 289 1359 ol
312 1293 348 1359 δὲ
373 1297 512 1378 σπαίρει
531 1291 606 1360 Hes.
629 1294 649 1357 i.
666 1313 696 1376 q.
718 1293 947 1381 ταρταρίζειν;
970 1299 1091 1366 nasalis
1113 1300 1199 1366 enim

81 1411 278 1458 soonsonae
300 1392 445 1476 spiritum
467 1390 594 1457 addidit
614 1389 681 1474 (O.⁴
703 1412 734 1474 p.
750 1390 838 1476 495).
871 1395 1091 1480 sandapilam
1114 1393 1200 1479 quod

82 1497 150 1556 sunt
171 1489 225 1574 qui
247 1489 384 1556 afferant
405 1493 586 1574 eorruptum
600 1479 667 1554 est.
875 1555 878 1562 ,

160 1584 526 1652 ταν-ταλάσσεται
550 1583 695 1668 δάκρυα·
720 1581 835 1665 στάζει
859 1585 986 1672 δάκρυα
1009 1589 1085 1658 Hes.

165 1679 428 1762 Τάν-ταλ-ος
450 1673 567 1750 nornen
582 1681 707 1770 aeeepit
721 1703 742 1748 a
755 1683 863 1751 radiae
878 1683 948 1767 ταλ,
972 1706 1011 1753 sa
1025 1687 1201 1754 obsidetur

80 1782 110 1845 vi
138 1801 234 1865 quam
265 1783 422 1865 praebent
450 1778 570 1858 τᾰλ-ας
596 1778 747 1867 τλῆ-μων
779 1779 911 1860 Ταλαός
944 1781 1078 1864 (χαλέπ’
1103 1779 1198 1870 dtye'

82 1875 195 1959 ἔχοντα
218 1879 237 1942 λ
261 1881 344 1954 582).
388 1879 427 1946 In
455 1879 587 1962 reliquis
602 1887 715 1956 ,autem
737 1879 869 1946 vooibus
892 1879 1063 1964 duplicatis
1085 1881 1199 1950 eadem

80 1975 169 2042 radix
190 1975 338 2060 agitandi
359 1977 413 2042 vel
435 1975 583 2042 vibrandi
606 1977 671 2042 vim
694 1974 843 2060 praebet:
881 1976 1092 2058 ταντάλειος·
1121 2005 1199 2064 τρο-

79 2071 175 2155 μικός
197 2073 299 2154 Βυίᾱ.,
323 2072 570 2153 τανταλὶζεται·
595 2073 781 2157 σαλεύεται,
805 2075 1032 2160 ἐταντάλιζεν·
1060 2075 1199 2161 ἕτρεμεν

80 2169 151 2238 Hes.
180 2209 224 2223 -—
252 2169 483 2248 τανταλωθείς
505 2177 611 2238 autem
640 2167 779 2240 voeatur'
794 2175 893 2260 Soph.
916 2177 992 2244 Ant.
1019 2177 1077 2241 134
1104 2195 1198 2258 quem

81 2267 229 2354 luppiter
252 2268 292 2336 de
315 2269 405 2334 eaelo
428 2267 635 2352 praeeipitem
658 2269 757 2338 dedit.

159 2361 475 2452 τεν-θρη-δών,
497 2363 712 2456 τεν-θρή-νη,
737 2389 838 2456 vespa
859 2369 896 2435 R.
917 2375 995 2454 θρε,
1022 2389 1080 2438 ser.
1097 2369 1198 2450 dbrop
1301 2367 1303 2374 '

80 2463 222 2544 stridore,
260 2461 299 2528 es.
336 2459 522 2548 θρώναξ·
560 2463 683 2552 κηφήν.
719 2465 888 2544 Λάκωνες
923 2467 999 2534 Hes·
1035 2502 1077 2514 -
1114 2471 1197 2552 θρεε

81 2561 234 2639 (Itoana
251 2559 618 2648 ‹ppsprsp-rppp-dronb
656 2559 776 2627 bhram.
799 2599 840 2610 —
870 2561 916 2628 cl.
940 2561 1025 2646 quod
1046 2563 1198 2647 sequitur.

160 2656 470 2743 τον-θορ-ύζω,
504 2655 713 2744 τον-θρ-ύζω
742 2680 912 2743 murmure,
940 2660 1130 2743 son-spata,
1161 2664 1198 2728 R.

80 2757 166 2840 dlror,
205 2757 244 2823 el.
275 2753 452 2840 &dan-ptos,
480 2755 619 2839 θρῦλος,
649 2760 808 2840 θρέομαι,
838 2762 978 2845 θρῆνος,
1014 2777 1074 2824 ser.
1097 2758 1198 2822 diora

79 2861 236 2938 guttarum
272 2873 413 2918 murmur
445 2849 494 2936 (O.
524 2852 580 2917 Nr.
604 2851 692 2937 317).
754 2851 907 2939 θόρυβος
942 2861 974 2922 st
1001 2854 1197 2942 τονθορύζω

78 2952 211 3018 fortasse
247 2950 406 3015 vocalium
443 2949 707 3016 assimilationem
747 2953 918 3035 praebent,
967 2952 1005 3018 ol.
1034 2953 1198 3030 κέλευθος

79 3045 280 3126 ἀκόλουθος.

160 3148 339 3214 Verborum
361 3145 455 3210 trium
484 3163 567 3228 quae
594 3145 816 3230 subjungimus
844 3147 967 3214 nasalis
990 3165 1089 3230 saepe
1110 3146 1198 3212 omit-

75 3245 167 3330 titur3
190 3263 267 3312 nam
290 3261 360 3307 oum
384 3242 559 3326 duplioatio
581 3261 690 3308 eorum
712 3245 746 3309 in
768 3244 930 3328 praesenti
948 3243 1018 3310 solo
1039 3263 1144 3328 neque
1165 3245 1199 3309 in

76 3343 208 3425 reliquis
240 3339 425 3425 systematis
457 3359 516 3406 usu
542 3337 613 3422 fiat,
646 3341 759 3424 lingna
786 3339 914 3407 videtur
940 3341 1032 3423 quasi
1060 3341 1199 3408 sensisse

77 3439 231 3506 leviorem
268 3455 340 3504 esse
366 3455 439 3503 eam
468 3456 562 3520 qnam
594 3437 786 3521 reliquorum
819 3445 851 3504 et
882 3438 930 3504 eis
956 3437 1078 3520 verbis,
1115 3456 1199 3520 quae

77 3537 105 3614 ξ.
129 3535 193 3602 ΒΘ
215 3533 381 3601 afferenda
402 3539 485 3617 sunt,
507 3533 734 3601 eonferendam
757 3543 789 3602 et
810 3533 1067 3618 adaequandarn.
1113 3535 1197 3601 Nam

79 3630 324 3699 dissimilatione
360 3631 430 3697 sola
464 3631 587 3696 nasalis
623 3632 677 3696 vix
709 3633 813 3716 ejeota
844 3637 943 3712 esset,
981 3631 1066 3714 quod
1095 3631 1198 3698 ausim

77 3727 237 3799 affirmare
266 3727 326 3794 etsi
355 3725 587 3810 ἐντονθορύζω
616 3729 669 3794 vel
698 3728 816 3798 similia
836 3748 902 3794 non
924 3733 1036 3794 extant
1067 3725 1199 3812 (sesav-

75 3823 207 3908 ι(δαίνειν
228 3826 304 3892 Hes.
328 3826 413 3891 enim
435 3830 485 3892 ost
505 3813 662 3910 dubiem).

74 3937 76 3944 '
162 3929 407 4009 ’κίγ-κρα-μι
429 3921 450 3988 i.
472 3941 501 4005 q.
525 3920 706 4008 κεράννυμι
726 3921 861 4007 praebet
882 3921 974 3989 Hes:
1011 3926 1198 4008 κὶγ-κρα·

78 4026 190 4105 alpem
213 4019 437 4106 sy-al-npa
459 4019 631 4113 (Sophron)
654 4040 685 4086 v.
708 4019 785 4086 Ahr.
808 4019 884 4084 Dor.
908 4023 979 4086 346.
