2954 4866
453 461 495 518 De
513 461 625 518 diectasi
641 461 784 518 homerica.
1118 467 1176 530 181

55 653 61 670 ·
146 631 354 699 Confirmatur
374 651 448 699 mea
469 637 630 702 sententia
648 655 695 719 eo,
719 633 804 718 quod
826 655 891 701 non
913 637 1016 704 solum
1038 641 1180 706 reverior

68 731 168 812 Doris,
199 730 257 797 sed
279 731 375 796 etiam
397 731 503 798 mitior
524 735 694 800 verborum
716 734 751 798 in
773 756 838 797 -oro
860 735 994 817 praebet
1014 735 1179 805 indicativi

66 827 190 894 iormam
214 835 372 915 orepovpi
395 830 483 903 (Ahr.
507 829 574 895 dor.
598 833 688 914 310),
715 849 797 914 quae
820 851 838 898 e
860 830 1086 917 *στεφανοετι
1109 841 1179 902 orta

67 943 129 990 esse
150 946 215 991 non
238 932 359 1010 potest;
389 945 407 993 e
430 932 661 1014 *στεφανοητι
682 929 788 1020 potius
810 928 989 995 derivanda
1010 938 1073 1014 eet,
1096 934 1178 998 sicut

66 1023 279 1106 conjunctivus
306 1029 398 1108 πριῴ
426 1045 446 1090 a
475 1030 640 1112 *πριοητι
667 1025 820 1114 originem
851 1025 945 1092 ducit.
998 1027 1081 1094 Nam
1104 1049 1179 1112 quo·

65 1120 160 1186 minuo
183 1127 340 1206 στεφανῴ
365 1138 383 1187 e
404 1126 640 1210 *occupatorem
660 1123 779 1188 factum
801 1142 873 1189 esee
894 1128 1003 1207 putem
1027 1123 1076 1208 (ut
1089 1126 1178 1193 infin.

65 1217 121 1282 mit.
151 1216 282 1283 Doridis
312 1225 488 1305 στεφανῶν
517 1239 535 1287 e
560 1218 781 1310 *οτεφανωεν
811 1229 842 1288 ct
863 1221 1006 1288 Atthidis
1036 1221 1178 1310 ῥιγῶνθ

65 1314 201 1400 *depono
224 1315 420 1383 derivandue
442 1316 516 1403 est),
539 1337 591 1384 me
607 1319 742 1404 impedit
756 1338 827 1384 cum
850 1318 994 1402 paucitas
1017 1323 1178 1406 exemplo-

63 1432 132 1494 rum,
156 1431 241 1498 quae
254 1415 400 1480 vocalem
416 1416 602 1499 productam
618 1418 804 1501 praebeant,
827 1415 866 1482 ci.
881 1435 914 1498 p.
932 1419 989 1482 tor
1007 1437 1087 1500 sqq„
1111 1427 1178 1485 tum

63 1511 206 1595 analogia
241 1516 416 1578 ceterarum
453 1531 677 1597 personarum,
715 1535 807 1597 quae,
841 1533 912 1580 oum
944 1514 979 1580 in
1011 1517 1078 1580 mit.
1100 1518 1178 1582 Dor.

62 1612 257 1691 μισθοῦμες,
280 1613 459 1691 prodobio,
481 1617 666 1694 μισθοῦντι
688 1618 813 1694 sonent,
837 1610 878 1677 de
900 1611 1055 1693 producta
1077 1637 1095 1677 o
1118 1633 1179 1681 noe

62 1707 194 1789 cogitare
217 1726 282 1771 non
303 1706 421 1772 sinant.

136 1805 213 1870 Jam
240 1810 276 1869 ut
296 1805 343 1871 rei
365 1825 521 1872 summam
547 1805 834 1891 eomprehendam:
871 1805 953 1872 alias
981 1806 1099 1873 formae
1128 1827 1178 1874 aa·

61 1901 220 1968 simulatas
252 1919 271 1966 e
301 1903 471 1968 verborum
510 1909 758 1986 contractorum,
801 1901 884 1969 alias
923 1923 964 1970 ex
997 1905 1179 1972 homericae

61 2000 157 2081 poesie
180 1997 316 2066 historia
337 2008 433 2084 atque
455 2019 626 2087 progressu
647 1999 858 2084 explicandas
881 2019 952 2066 esse
973 2020 1097 2068 censeo.
1134 2003 1179 2068 Et

62 2119 247 2184 quamquam
269 2119 334 2164 non
355 2089 484 2181 ignoro,
514 2100 548 2164 in
572 2098 635 2164 hac
656 2118 782 2180 quoque
803 2098 963 2164 sententia
985 2098 1178 2166 dubitationi

60 2199 156 2264 locum
175 2197 379 2279 detumesce,
396 2203 492 2278 atque
506 2197 678 2280 praecipuo
693 2197 877 2280 opinionem
892 2215 996 2262 meam
1012 2195 1053 2262 de
1068 2196 1180 2264 formis

59 2295 88 2360 in
101 2319 194 2382 -αᾳς,
218 2318 280 2380 -op
301 2314 366 2359 non
388 2293 451 2360 nisi
475 2293 657 2359 dubitanter
679 2293 822 2377 proferre
838 2294 957 2375 ausim,
981 2299 1089 2359 tamen
1105 2312 1177 2359 eam

60 2411 217 2477 exponere
231 2391 329 2474 volui,
354 2411 429 2456 cum
447 2391 624 2456 minoribus
646 2391 796 2458 laborare
818 2388 1058 2456 difficultatibus
1081 2410 1177 2472 quam

60 2497 182 2558 ceterae
198 2509 317 2572 omnes,
341 2508 423 2572 quae
444 2488 565 2572 publici
584 2488 666 2571 jurio
681 2487 785 2552 iactae
803 2493 886 2569 sunt,
909 2487 988 2551 mihi
1004 2487 1179 2556 videretur.

512 2753 636 2831 Onnum
669 2755 717 2830 V.

58 2923 127 3004 QUI
155 2911 332 2990 FAOTUM
367 2922 445 3006 SIT,
483 2923 543 2990 UT
571 2923 620 2989 IN
648 2921 912 2990 CARMINIBUS
941 2921 1203 2995 HOMERIOIS.

58 3023 109 3088 ΕΤ
137 3022 360 3090 INTEGRAE
390 3022 447 3086 ΕΤ
475 3021 779 3088 ASSIMULATAE
807 3023 864 3086 ΕΤ
892 3019 1176 3088 conducente

363 3117 539 3186 FORMAE
563 3118 863 3188 USURPENTUR.

137 3273 217 3340 Utut
238 3291 314 3339 vero
341 3271 459 3337 formae
487 3271 692 3337 assimulatas
720 3264 934 3354 explicamus,
966 3270 1028 3335 hoc
1055 3275 1176 3335 certum

59 3376 117 3452 eet,
148 3389 203 3436 eas
239 3405 281 3417 -
318 3369 386 3435 sive
416 3362 582 3454 ὁρόωντα,
613 3361 739 3452 ὁρόῳτε
767 3367 858 3434 initio
886 3373 1075 3448 sonuerunt,
1106 3367 1176 3433 sive

59 3462 207 3552 ὁρόοντα,
249 3462 382 3550 ὁρόοιτε
416 3501 458 3513 -
493 3463 702 3531 intermedias
739 3483 810 3532 ecoe
845 3465 930 3532 inter
964 3463 1107 3546 integras
1143 3469 1176 3530 et

58 3571 247 3644 contractas,
280 3564 389 3646 itaque
410 3563 603 3630 recentiores
625 3581 720 3646 quem
741 3563 833 3645 illas,
866 3561 1056 3628 vetustiores
1078 3579 1175 3643 quam
1238 3599 1240 3604 -

58 3659 123 3726 has.
186 3661 248 3742 Qui
291 3666 398 3727 autem
448 3660 567 3726 factum
616 3665 680 3740 est,
737 3665 772 3724 ut
813 3659 847 3724 in
881 3651 953 3724 'uno
997 3656 1175 3741 eodemque

59 3758 192 3825 carmine
223 3765 287 3824 tres
319 3759 401 3824 iotae
432 3757 554 3824 formae
581 3762 690 3823 aetate
714 3756 849 3820 multum
881 3756 964 3822 inter
995 3773 1031 3822 se
1060 3755 1175 3822 diecre-

59 3861 168 3936 pantes
215 3853 437 3938 usurpentur?
506 3854 653 3920 Eundem
696 3852 858 3920 hominem
906 3853 960 3920 vel
1010 3853 1174 3919 hominum

59 3953 214 4032 quandam
249 3952 434 4020 societatem
461 3951 496 4016 in
524 3969 672 4017 sermone
700 3950 825 4034 vulgari
857 3969 894 4016 re
924 3969 1002 4017 vera
1033 3969 1173 4034 unquam

59 4049 189 4116 eandem
210 4069 323 4118 vocem
345 4057 378 4118 et
404 4047 541 4134 pristina
570 4047 672 4114 torma
701 4054 733 4116 et
759 4047 936 4116 recentiore
957 4066 998 4114 ex
1019 4048 1081 4114 hae
1103 4055 1175 4114 orta
