2954 4866
461 423 503 479 De
520 423 633 480 diaetasi
649 425 796 482 homerica.
1132 421 1188 484 191

84 583 223 659 ἀναίτιον
246 591 450 660 αἰτιάασθαι
470 601 506 660 Ν
525 599 597 660 775.
619 631 662 644 -
684 592 835 663 ἀναίτιον
859 593 996 682 αἰτιόῳο
1019 622 1038 661 o
1065 601 1133 663 135.
1150 634 1192 646 -

83 685 222 756 ἀναίτιον
245 689 402 778 αἰτιόῳτο
425 699 473 776 ΛΙ
487 697 558 758 654.

157 788 195 854 In
216 791 392 874 posteriore
414 790 630 856 hemistichio:

156 885 392 972 potentiaeque
414 884 676 973 ἀμφαφάασθαι
698 894 736 952 Χ
756 894 827 955 373.
863 925 903 938 ·-
937 888 1053 972 ἒόξοον
1077 887 1191 977 ἀμφα-

80 980 232 1066 φάασθαι
253 991 282 1050 θ
304 989 375 1051 215.
398 1021 440 1030 -
463 984 579 1066 ἐΰξοον
602 979 854 1072 ἀμφαφόωντας
875 1011 894 1050 τ
917 992 988 1054 586.

155 1082 192 1146 In
214 1083 334 1165 priore:
356 1087 471 1167 χερσίν
493 1080 526 1147 τ’
552 1079 786 1170 ἀμφαφόωντο
811 1109 828 1149 ο
852 1089 923 1150 462.

155 1179 347 1262 καγχαλόων
363 1187 395 1246 et
411 1179 554 1246 κυδιόων
577 1200 703 1266 semper
725 1184 759 1247 in
781 1202 893 1250 versus
914 1184 1020 1267 eapite
1041 1184 1191 1268 leguntur

78 1283 105 1340 et
131 1278 257 1360 quidem
281 1279 341 1361 ita,
375 1285 410 1344 ut
439 1279 691 1346 enuntiationem
720 1280 753 1344 in
782 1279 993 1348 antecedente
1022 1301 1117 1348 versu
1143 1281 1190 1348 in·

76 1381 193 1456 oeptam
215 1375 377 1442 claudant.

152 1473 250 1540 Initio
273 1493 383 1540 versus
405 1474 571 1557 leguntur:

153 1566 190 1636 όν
205 1569 337 1654 πότμον
352 1569 488 1656 γοόωσα
510 1577 549 1636 Π
562 1575 633 1638 857.
655 1577 693 1636 Χ
706 1576 777 1638 363.
801 1605 842 1616 -
865 1567 1040 1660 ἀμβλήδην
1055 1573 1190 1659 γοόωσα

77 1671 108 1730 Χ
115 1673 185 1734 476.
201 1705 244 1716 -
265 1667 423 1751 ἀξόανοι
439 1667 574 1754 γοόωσα
589 1673 619 1734 E
634 1674 706 1736 413.
729 1705 771 1716 -
793 1675 853 1756 τῇς
870 1665 905 1734 ci'
922 1665 1039 1735 άόινόν
1054 1670 1189 1756 γοόωσα

77 1764 176 1833 turn
198 1803 242 1814 -·-
264 1774 355 1855 τῆκε,
379 1765 481 1832 πόσιν
497 1765 633 1850 γοόωσα
655 1772 761 1834 unes.
779 1803 820 1813 -—
843 1771 943 1853 θομῴ
959 1769 1020 1850 μὲν
1035 1767 1189 1853 γοόωσαν

76 1868 179 1930 τ210.

151 1963 189 2028 In
213 1979 326 2029 versus
347 1963 468 2048 eapite:
843 2043 847 2052 .

151 2059 313 2142 μάστιξον
336 2056 370 2124 ci'
398 2058 499 2126 ἐλάαν
521 2061 643 2126 novies.
666 2095 708 2106 -·
731 2056 813 2123 ἀλλά
836 2061 946 2144 παρὲξ
968 2058 1068 2126 ἐλάαν
1091 2088 1114 2145 μ
1138 2068 1188 2129 47.

76 2193 111 2204 -
138 2165 201 2244 νῆα
226 2158 336 2240 παρὲξ
362 2155 462 2224 ἐλάαν
491 2183 514 2240 μ
541 2161 609 2223 169.
637 2193 678 2204 ·-
713 2155 793 2224 αἵθ)
818 2153 864 2236 ὠς
887 2154 1034 2246 ἡβώοιμι
1057 2164 1096 2223 Η
1120 2165 1189 2226 157.

76 2261 109 2318 Λ
129 2261 198 2324 676.
228 2259 262 2320 Ψ
282 2258 353 2320 629.
377 2257 396 2336 ξ
418 2259 490 2321 468.
515 2260 576 2321 503
599 2252 658 2334 (ὡς
681 2257 760 2332 νῦν).
1092 2317 1095 2326 2

149 2355 184 2422 Si
212 2371 290 2418 vero
317 2372 429 2420 ornnes
457 2355 652 2436 integrarum
675 2355 995 2438 assimulaturumque
1016 2355 1187 2422 formarum

74 2455 217 2537 exempla
239 2452 322 2518 inter
344 2471 379 2518 se
401 2451 651 2534 comparaveris,
679 2451 773 2516 etiam
797 2452 885 2517 aliud
907 2453 1068 2536 invenies,
1103 2454 1188 2538 quod

74 2549 153 2616 haud
179 2548 419 2633 neglegendum
448 2567 520 2616 esse
549 2556 635 2632 pute.
678 2549 867 2632 Reperimus
896 2551 955 2617 has
983 2551 1100 2618 formas
1122 2552 1189 2618 iere
1268 2566 1275 2598 s

73 2665 191 2732 semper
213 2649 248 2712 in
272 2648 317 2713 eis
339 2647 497 2729 formulis,
526 2666 700 2729 quaecum
723 2648 770 2712 eis
793 2647 945 2714 orationis
966 2649 1126 2732 partibus,
1155 2649 1208 2715 in'

74 2745 179 2826 quibus
202 2744 282 2828 quid
305 2746 430 2828 egerint
451 2746 565 2811 heroes
587 2751 748 2826 narretur,
773 2752 976 2828 comparatae
1005 2783 1046 2792 -
1068 2755 1103 2812 ut
1123 2768 1187 2812 uno

73 2845 222 2909 vocabulo
246 2841 421 2925 significem
445 2841 521 2924 quid
543 2842 639 2908 velim
655 2843 865 2909 —orationis
886 2844 976 2926 quasi
999 2853 1189 2912 ornamenta

73 2959 137 3006 esse
158 2939 339 3007 videantur.
383 2939 464 3022 Inde
486 2960 604 3022 magna
626 2939 682 3004 illa
704 2939 942 3022 participiorum
964 2941 1057 3025 eopia
1080 2947 1110 3019 (e
1126 2945 1186 3008 435

73 3039 222 3121 exemplis
245 3045 319 3102 sunt
343 3032 403 3104 198
425 3037 621 3122 partieipia),
651 3037 727 3102 inde
749 3038 841 3102 multi
862 3037 1008 3104 infinitivi
1031 3058 1187 3122 epexege-

72 3133 128 3217 tioi,
151 3135 387 3201 enuntiationes
408 3135 573 3218 relativae,
596 3134 831 3202 similitudines.

148 3231 240 3312 Quae
262 3252 333 3297 oum
356 3231 446 3315 quasi
468 3239 657 3298 ornamenta
687 3239 794 3298 essent
815 3233 1023 3314 narrationis,
1058 3233 1186 3317 saepius

71 3327 101 3392 in
126 3329 365 3396 narrationibus
392 3331 491 3396 variis
515 3337 546 3397 et
569 3329 703 3395 diversis
729 3329 878 3398 adhiberi
907 3336 1055 3416 poterant
1077 3330 1186 3412 itaque

25 3447 27 3456 ¹
72 3427 165 3517 menti
186 3427 288 3512 probe
309 3427 409 3492 infixa
430 3429 514 3494 bene
537 3427 756 3494 servabantur.

150 3525 236 3591 Raro
258 3531 365 3590 autem
386 3525 507 3592 formae
529 3526 607 3591 illae
629 3524 663 3589 in
684 3525 868 3592 narratione
892 3523 1117 3608 progrediente
1138 3545 1186 3592 re·

72 3621 229 3701 pariuntur
259 3629 356 3704 atque
384 3642 426 3688 ne
453 3623 503 3689 his
532 3621 660 3705 quidem
693 3621 771 3687 louis
803 3621 865 3688 nisi
896 3623 930 3687 in
959 3623 1102 3690 formulis
1136 3631 1186 3688 sat

72 3717 156 3802 tritis,
179 3721 269 3786 velut

150 3813 350 3898 ἐστιχόωντο
374 3817 472 3885 octies
495 3817 529 3882 in
550 3816 614 3884 fine
635 3835 755 3882 versus.
782 3849 818 3860 -
847 3813 881 3878 o‘r'
904 3815 945 3901 ῥα
967 3815 1039 3881 τότ’
1064 3817 1185 3903 ἐστρα-

72 3909 189 3978 τόωντο
213 3919 244 3978 Γ
265 3918 334 3980 187.
357 3921 388 3979 Λ
409 3919 479 3980 378.
508 3949 548 3964 -·
576 3911 635 3998 τὴν
658 3909 964 3996 ἀμφεστρατόωντο
987 3921 1026 3978 Λ
1048 3920 1119 3982 713.
1142 3951 1184 3963 -

74 4008 258 4098 καθήμενοι
281 4011 473 4100 ἠγορόωντο
496 4017 529 4076 Δ
553 4017 578 4076 1.
601 4012 640 4078 ei.
667 4015 700 4076 Ψ
719 4013 790 4075 448.
815 4035 833 4093 ρ
857 4013 927 4076 530.
951 4045 992 4056 -·
1012 4017 1127 4099 χερσίν
1150 4010 1183 4078 τ’
