2972 4868
439 421 473 477 da
492 421 704 492 reduplicatione
718 435 824 489 graeca.
1136 423 1198 487 333

77 595 110 662 in
130 593 242 662 radioe
263 593 498 658 determinando
519 591 687 659 momenti:
708 611 784 674 prr-r
805 601 837 660 et
857 593 937 676 paul
957 613 975 659 e
994 615 1035 677 po
1057 595 1200 680 profluae

78 693 225 776 quamvis
239 698 404 774 cognatae,
426 691 515 757 haud
536 713 695 777 quaquam
713 691 858 778 ejusdem
880 693 1049 776 potestatis
1063 693 1199 762 luerunt.

77 789 145 857 Neo
172 797 252 877 puto
279 795 441 860 auctorem
469 789 566 873 hujus
594 794 773 860 sententiae
794 813 833 861 eo
855 813 1094 880 progressurum
1118 813 1198 878 esse,

76 895 110 954 ut
140 889 272 982 lioulsse
303 897 394 976 putet
425 887 565 974 par-pud
594 909 719 972 quoque
750 891 972 976 oomponendo
1005 891 1199 976 conjungere

77 983 128 1068 (ol.
144 1005 231 1070 quae
246 988 287 1056 de
301 990 471 1056 verborum
486 986 647 1054 radicibus
662 989 892 1073 componendis
907 988 1044 1054 diximus
1066 1010 1098 1075 p.
1114 993 1198 1066 296).

76 1083 230 1151 Similiter
251 1093 358 1153 autern
380 1086 459 1152 mibi
480 1084 606 1152 videtur
628 1087 831 1154 statuendum
854 1105 925 1153 esse
948 1085 988 1151 de
1008 1108 1050 1170 pa
1070 1094 1102 1154 et
1122 1109 1198 1170 por:

76 1181 167 1250 radix
197 1203 341 1250 consona
369 1183 617 1250 determinativa
644 1191 739 1250 auota
765 1185 830 1250 vim
859 1204 880 1250 a
907 1190 1009 1251 matre
1037 1183 1198 1252 diversam

75 1281 215 1366 aooepit,
244 1301 344 1364 quare
365 1301 430 1346 non
452 1280 542 1345 liouit
562 1280 675 1347 ambas
696 1281 892 1368 conjungere
913 1281 957 1347 ad
978 1281 1110 1348 alterius
1132 1284 1198 1348 vim

75 1378 312 1464 augendam¹⁶).
356 1379 428 1459 Qua
454 1377 489 1442 in
516 1395 551 1443 re
579 1397 718 1445 menon
742 1380 823 1464 fugit
843 1377 1003 1446 interdum
1024 1379 1104 1446 satis
1125 1379 1199 1446 leve

76 1473 247 1544 disorimen
270 1479 354 1544 inter
374 1478 515 1546 radioem
537 1479 715 1545 breviorem
732 1483 763 1543 et
779 1477 968 1562 ampliorem
989 1475 1198 1544 intercedere.

158 1573 349 1657 Priusquam
379 1575 565 1658 diligentius
592 1577 626 1642 in
655 1595 727 1642 earn
748 1593 815 1640 rem
837 1573 989 1657 inquisivi
1010 1593 1198 1658 persuasum

75 1669 252 1752 habebam,
282 1669 434 1761 adp-aq
457 1669 612 1758 μορ-μ-ιό
633 1672 790 1758 γορ-γ-ός
818 1672 899 1752 rell,
932 1671 1098 1756 pul-pore
1125 1692 1198 1754 pro·

74 1788 140 1849 p-oo
149 1767 185 1853 ¹⁷)
222 1773 356 1836 odo-us
380 1771 538 1859 sor-s-oa·
566 1773 700 1843 ool-oo,
735 1790 834 1854 germ.
863 1769 1025 1832 mol-m-en
1054 1767 1198 1832 dal-d-ea

76 1865 186 1936 eodem
210 1870 279 1938 lere
300 1871 395 1937 modo
418 1893 480 1956 quo
503 1868 697 1957 ἕρύκ-ακ-,ον
721 1873 790 1934 orta
812 1887 898 1934 esee:
931 1865 1036 1932 studio
1059 1866 1198 1950 quodam

77 1967 319 2034 commoditatis.
353 1969 419 2036 Sed
435 1969 498 2034 duo
520 1973 594 2036 sunt
615 1986 698 2051 quae
719 1965 798 2030 mibi
820 1965 890 2050 ipse
912 1963 1025 2048 objeoi.
1057 1963 1198 2030 Primum

77 2069 121 2126 est
142 2065 230 2146 quod
253 2086 319 2131 non
340 2066 375 2131 in
396 2067 508 2148 lingua
529 2066 655 2132 Graeoa
676 2063 756 2145 sola,
783 2063 841 2128 sed
862 2063 896 2127 in
918 2061 1050 2144 reliquis
1072 2079 1198 2144 quoque

77 2157 219 2239 ejusdem
248 2163 358 2248 stirpis
392 2165 513 2248 linguis
548 2164 629 2230 baeo
658 2161 883 2245 duplicationis
917 2160 997 2226 ratio
1025 2159 1197 2225 invenitur.

76 2253 179 2334 Quare
201 2259 343 2326 studium
363 2261 445 2328 illud
474 2260 700 2345 duplicationis
726 2257 910 2320 indicandae
938 2263 1077 2337 tantum,
1112 2255 1197 2339 quod

77 2355 147 2420 oriri
174 2358 322 2442 nequivit
348 2359 410 2426 nisi
438 2359 530 2426 insoli
562 2357 690 2424 luerunt
717 2356 883 2438 loquentes
916 2353 1065 2440 propriae
1094 2352 1198 2438 dupli·

77 2453 208 2521 cationis
234 2457 386 2537 naturae,
422 2457 456 2538 in
484 2456 562 2540 ipsis
592 2455 656 2520 illis
683 2453 802 2536 linguis
824 2452 978 2536 sejunctis
1000 2457 1103 2516 ortum
1125 2471 1197 2518 esse

78 2546 215 2618 deberet.
260 2555 404 2621 Alterum
437 2553 599 2637 estquod
634 2569 692 2618 eae
723 2550 848 2616 radices
876 2567 959 2632 quae
990 2548 1023 2613 in
1052 2552 1196 2616 vooalem

77 2657 192 2715 exeunt
213 2660 405 2736 repugnant.
442 2649 590 2736 *pap-oti
610 2647 684 2734 (sor.
705 2645 864 2731 pand-oti,
893 2646 932 2712 ol.
955 2643 1138 2731 γογγ-ύζει)
1168 2649 1196 2714 si

78 2741 244 2828 e*9u-ati
264 2747 317 2834 (ol.
333 2769 393 2817 sor.
410 2750 539 2832 pao-uli,
562 2746 656 2833 γο-ᾷ)
680 2753 782 2810 ortum
804 2751 890 2810 esset
912 2742 1069 2828 ejusmodi
1092 2743 1196 2829 dupli-

77 2841 215 2926 catione,
248 2867 314 2911 non
341 2847 573 2931 intelligeretur
602 2843 655 2928 qui
683 2841 752 2908 deri
780 2841 936 2926 potuisset
963 2847 998 2904 ut
1018 2841 1056 2905 R.
1077 2862 1139 2924 pap
1161 2842 1196 2908 in

77 2937 183 3023 lingua
204 2963 322 3026 graeoa
344 2953 376 3010 et
397 2945 555 3011 sanserita
576 2939 681 3008 nasali
701 2937 931 3018 intenderetur,
953 2937 1006 3004 val
1028 2947 1063 3004 ut
1077 2939 1115 3004 R.
1131 2939 1195 3002 kalt

77 3033 106 3110 (l.
129 3057 156 3103 e.
178 3037 269 3110 ltu-dt
298 3048 467 3124 augeretur
498 3039 551 3119 (of.
572 3061 604 3124 p.
628 3042 717 3116 336):
753 3035 844 3100 duola
890 3036 969 3120 Ejus
997 3037 1126 3119 generis
1147 3058 1197 3104 ra·

78 3130 196 3203 dioibus
218 3138 375 3222 imprimis
396 3139 548 3223 probatur
569 3157 682 3202 monas
704 3133 863 3220 quaedam
877 3152 963 3198 nova
978 3131 1196 3217 duplioatione

79 3237 152 3298 orta.
196 3233 276 3314 Quis
303 3241 410 3302 autem
431 3242 522 3320 putet
541 3255 618 3318 pra-p
640 3233 705 3298 alio
732 3231 826 3298 modo
849 3250 945 3314 quam
971 3247 1067 3315 par-p
1090 3239 1193 3297 ortum

79 3329 168 3394 esse?
211 3331 345 3398 Aooedit
380 3333 466 3417 quod
502 3352 543 3398 ex
578 3331 676 3415 hujus
711 3329 838 3414 generis
870 3327 1030 3394 radicibus
1066 3349 1196 3412 prorsus

79 3421 202 3494 diversa
229 3449 460 3512 nonnunquam
493 3429 527 3495 in
556 3428 692 3528 diversis
719 3428 837 3511 linguis
869 3425 1000 3491 nomina
1032 3433 1064 3492 et
1095 3427 1196 3492 verba

81 3595 278 3612 *Q*—

147 3696 176 3759 ¹⁸)
203 3697 313 3753 muers
337 3713 400 3752 aava
422 3697 526 3754 formae
542 3697 691 3753 intensivae
708 3695 872 3761 namma-tt,
898 3699 1099 3759 anamma-ta,
1125 3707 1195 3764 quae

80 3770 200 3841 leguntur
216 3779 245 3834 in
261 3778 338 3834 libris
356 3777 522 3847 ng-Vedae,
540 3778 665 3834 ridentur
683 3793 698 3833 a
715 3791 867 3832 nam-nam·
885 3779 960 3830 ortae
978 3789 1047 3841 esse,
1065 3774 1098 3830 ol.
1117 3791 1194 3830 aaa·

82 3855 179 3922 ramur,
196 3859 380 3916 namnamdaa
396 3857 430 3914 R.
448 3859 481 3914 V.

146 3937 177 4003 ¹²)
194 3938 235 3994 cl.
247 3939 325 3995 Varr.
344 3939 376 3993 L.
394 3939 424 3992 L.
444 3943 469 4004 o,
489 3943 531 3993 ll:
551 3938 663 4006 Gragull
680 3938 716 3993 ab
733 3953 765 3993 eo
783 3934 855 4007 quod
871 3936 1001 4006 gregatim
1017 3939 1067 4000 est,
1085 3941 1115 3989 ut
1133 3935 1194 4008 qur·-

82 4009 139 4068 dam
158 4017 255 4077 Graeci
270 4035 368 4094 propes
384 4035 516 4092 perpera,
540 4035 563 4074 r.
581 4036 607 4088 p.
626 4023 674 4074 291
694 4023 722 4074 et
739 4017 774 4074 ol.
793 4033 844 4074 sor.
862 4031 1194 4090 par-par-a=pur·p·es.
