3020 4866
296 447 337 510 66
778 449 946 504 Forssmann

380 621 532 690 Similiter
553 622 612 702 ΙΙΙ,
635 624 686 702 95,
711 627 725 684 l
751 618 891 688 idoneor
914 639 986 686 cum
1007 619 1120 702 futuri,
1143 641 1208 686 non
1230 640 1303 686 cum
1325 640 1414 704 prae

293 719 395 788 sentis
415 719 571 786 infinitivo
593 718 853 802 conjungendum
875 725 939 784 est:
975 737 1093 801 nempe
1121 717 1163 784 dc
1191 718 1414 802 praesentibus

294 911 316 1003 ἢ
338 910 399 980 κᾶν
421 919 481 1001 βίᾳ
502 917 739 998 προςαχθῆναι
761 914 803 979 ab
826 912 939 980 eodem
962 910 1103 978 ἐδόκουν
1129 914 1259 996 pendet.
1303 914 1414 996 Itaque

293 1011 496 1079 scribendum
520 1019 569 1079 est
591 1009 818 1096 στρατεύσειν,
840 1011 902 1077 nisi
923 1010 1096 1096 praeferas,
1125 1010 1212 1096 quod
1234 1011 1414 1094 Kruegcrus

293 1110 418 1189 suadet,
440 1117 514 1193 post
536 1109 652 1196 φιλίαν
674 1108 815 1174 inserere
837 1105 877 1172 ἄν
900 1109 1102 1192 particulam.

380 1207 551 1274 Floeckius
575 1204 663 1290 (pag.
689 1205 741 1292 te)
765 1208 924 1291 vituperat
939 1207 1135 1286 Bekkerum,
1158 1207 1245 1289 qnod
1266 1208 1305 1288 V,
1329 1211 1411 1288 38,l

292 1305 390 1372 futuri
405 1305 538 1369 formam
555 1300 694 1385 ἀμυνεῖν
708 1305 872 1388 praesenti
893 1303 1137 1389 praeferendam
1159 1305 1335 1387 putaverim
1359 1303 1414 1370 sed

293 1411 387 1470 caute
408 1401 655 1486 prudenterque,
679 1411 714 1467 ut
735 1404 831 1480 solet,
859 1403 1038 1482 Bekkerus,
1061 1401 1205 1468 codicum
1227 1403 1414 1468 auctoritate
1493 1467 1494 1480 ,

294 1502 458 1585 neglecta,
492 1500 647 1565 rationem
675 1507 801 1566 secutus
829 1507 887 1567 est.
939 1500 1001 1566 Ille
1030 1499 1175 1582 quidem:
1213 1497 1413 1580 „infinitivus

206 1671 211 1684 ,
293 1597 489 1683 praesentis,
511 1597 631 1679 inquit,
654 1597 772 1664 idcireo
794 1597 924 1664 defendi
946 1605 1060 1682 potest,
1084 1598 1159 1680 quia
1180 1596 1341 1662 actionem
1364 1615 1414 1662 ex·
1493 1635 1494 1644 ν

294 1695 393 1776 hibet,
417 1713 500 1778 quae
515 1695 557 1760 ad
580 1695 614 1758 id
636 1701 772 1778 tempus,
795 1716 857 1777 qno
873 1702 944 1762 crat
960 1694 1197 1778 jusjurandum,
1220 1694 1367 1777 proxime
1381 1712 1413 1759 se

294 1793 445 1876 applicat,
468 1793 620 1873 quoniam
643 1811 683 1857 ea
703 1812 807 1858 rerum
829 1793 970 1858 conditio
987 1792 1124 1875 jamjam
1147 1791 1269 1870 aderat,
1297 1791 1331 1856 iu
1354 1811 1415 1873 qua

294 1888 523 1974 praestandum
546 1895 615 1955 erat
636 1889 807 1973 auxilium3
834 1895 942 1956 cetera
963 1896 1081 1970 antem,
1106 1908 1188 1972 quae
1202 1889 1297 1954 futuri
1313 1889 1413 1954 infini-

294 1987 351 2052 tivi
374 1986 566 2070 exprimunt,
589 1986 632 2051 ad
654 1987 805 2053 remotius
827 1993 954 2072 tempus
975 1985 1113 2053 futurum
1136 1987 1335 2071 pertineut“:
1358 1985 1413 2052 sed
1493 2067 1494 2084 χ

294 2086 366 2167 quis
388 2091 437 2149 est
459 2085 535 2166 quin
550 2083 669 2162 videat,
691 2085 752 2150 hoc
766 2092 989 2167 argumentum
1010 2087 1109 2169 plane
1126 2103 1235 2150 carere
1256 2083 1413 2169 probandi

294 2180 354 2246 vi?
397 2181 510 2263 Neque
538 2183 623 2247 enim
653 2181 859 2268 πολεμήσειν
887 2183 931 2248 ad
957 2183 1108 2250 remotius
1129 2190 1257 2266 tempus
1278 2182 1412 2248 futurum

295 2298 389 2361 quam
419 2271 556 2359 ἀμυνεῖν
585 2280 740 2362 pertinet,
772 2300 843 2346 cum
871 2289 1006 2362 utraque
1034 2281 1116 2346 actio
1143 2300 1273 2364 prorsus
1302 2279 1413 2346 efficiat

294 2395 408 2457 unam,
438 2395 542 2457 neque
570 2378 699 2442 omnino
729 2378 896 2462 probanda
926 2383 974 2444 est
1001 2378 1081 2442 lraec
1108 2378 1231 2443 minuta
1256 2379 1290 2444 in
1313 2379 1411 2444 tuturo
1492 2427 1493 2472 ,

295 2473 539 2540 determinando
561 2475 736 2556 subtilitas,
760 2494 842 2558 quae
862 2494 965 2558 aeque
985 2495 1006 2540 a
1027 2475 1162 2541 veritate
1183 2483 1281 2558 atque
1302 2497 1324 2541 a
1345 2477 1411 2543 sim·
1492 2477 1493 2536 l

294 2572 438 2656 plieitate
466 2571 623 2638 declinat:
659 2572 756 2638 futuri
785 2571 977 2638 infinitivum
1007 2592 1042 2638 se
1063 2571 1106 2638 ad
1128 2593 1168 2639 ea
1189 2593 1315 2656 quoque
1340 2582 1412 2640 tem·

295 2689 375 2752 pora
396 2669 571 2752 applicare,
594 2690 675 2752 quae
691 2671 825 2736 subsunt
847 2669 1009 2753 praesenti
1023 2677 1056 2736 et
1070 2678 1192 2736 tantum
1207 2691 1274 2736 non
1290 2671 1411 2746 adsunt,

295 2765 412 2831 docent
426 2767 584 2850 exempla,
608 2775 642 2832 ut
658 2768 711 2847 Vl,
728 2771 778 2849 24,
795 2772 813 2834 3
831 2766 866 2834 ἐν
882 2773 928 2852 τῷ
944 2764 1088 2850 παρόντι
1104 2767 1221 2834 οἴσειν.
1245 2768 1315 2850 VII,
1333 2772 1411 2851 38,2

295 2850 399 2939 αὖθις
421 2860 660 2950 ἐπιχειρήσειν.
967 2931 968 2936 ,

332 3005 354 3044 s
381 2959 500 3026 Contra
523 2960 678 3042 V1,88,7
705 2959 797 3025 ἔστιν
813 2949 858 3026 ὧν
882 2961 1014 3027 πόλεων
1037 2961 1336 3046 ἐπαγγελλομένων
1358 2965 1410 3030 καὶ
1491 2959 1492 2976 ἦ

295 3054 404 3122 αὐτῶν
428 3058 652 3138 ξυμττολεμεῖν
680 3059 770 3123 nulla
792 3059 1016 3126 emendatione
1043 3060 1184 3144 indiget,
1214 3063 1290 3144 quia
1311 3061 1412 3145 ἑπαγ-

294 3155 503 3240 γελλομένιον
524 3155 700 3224 voluntatis
721 3156 843 3238 aliquid
864 3156 977 3223 habet:
1014 3158 1120 3238 „ultro
1149 3178 1206 3242 per
1235 3161 1360 3241 lagatos
1380 3179 1412 3225 se

294 3247 459 3338 promptos
487 3271 559 3318 esse
586 3253 816 3318 nuntiaverunt
844 3253 887 3318 ad
916 3255 994 3322 belli
1023 3257 1208 3322 societatem
1229 3257 1410 3334 ineundam,

295 3352 461 3418 erklarten
482 3349 550 3415 sich
571 3350 687 3431 bereit,
718 3351 848 3417 erboten
870 3353 938 3418 sich
961 3353 1024 3418 den
1047 3353 1146 3436 Krieg
1173 3355 1412 3424 mitzulttlrren.“

280 3447 376 3516 llum
399 3449 484 3514 enim
507 3448 712 3532 Thucydides
740 3469 805 3514 non
833 3451 878 3514 ita
906 3451 1005 3514 verba
1027 3451 1204 3534 legatorum
1227 3471 1323 3534 quam
1346 3473 1412 3538 pro·

243 3599 248 3622 ,
295 3565 430 3630 pensum
464 3545 627 3612 civitatum
660 3545 800 3612 animum
833 3549 976 3631 respicit,
1016 3550 1193 3632 simplicem
1225 3550 1411 3616 infinitivum

295 3637 396 3708 verbo
416 3642 573 3726 adjungit,
596 3644 686 3726 quasi
701 3641 879 3726 πρόθυμοι
901 3633 985 3728 ἦσαν
1007 3645 1151 3727 dixisset,
1174 3667 1271 3729 qnam
1286 3655 1411 3714 structu·
1489 3731 1490 3740 ἵ

295 3759 364 3804 ram
387 3741 470 3806 bene
492 3740 572 3806 illud
594 3737 677 3817 ὥςτε
700 3746 845 3827 βοηθεῖν
868 3761 909 3808 ex
930 3743 1044 3808 eodem
1059 3745 1158 3809 verbo
1180 3753 1292 3828 aptum
1315 3744 1409 3831 (Vlll,
1489 3785 1490 3810 ι

297 3839 347 3916 86,
372 3835 405 3920 6)
428 3837 551 3920 probat.

382 3935 451 4000 Hac
472 3934 712 4017 significationis
733 3936 967 4019 permutatione
982 3936 1025 4018 fit,
1047 3946 1083 4004 ut
1098 3933 1325 4021 ὑπισχνοῦμαι
1349 3948 1408 4004 tum

295 4031 403 4116 loturi,
425 4039 491 4097 tum
506 4033 615 4098 aoristi
637 4039 669 4098 et
690 4033 867 4116 praesentis
887 4033 1045 4100 infinitivo
1068 4044 1271 4102 annectatur:
1293 4035 1409 4120 quodes
