2972 4868
426 383 459 439 de
476 384 686 458 reduplicatione
704 400 810 454 graeca.
1117 380 1178 444 335

60 555 213 642 judicavit
246 555 436 622 scholiasta:
474 551 531 620 oda
567 555 715 640 ἔγκειται
747 554 785 620 τὸ
818 562 959 642 βαίνειν.
998 595 1037 606 -
1073 563 1181 642 βαμβ-

65 651 212 730 titillato·
235 657 379 740 τρέμειν.
403 665 532 740 ψοφεῖν
553 665 625 730 τοῖς
646 651 783 734 χείλεσι.
812 653 1037 740 βαμβ-αλύζει
1060 661 1180 740 (βαμβ-

64 747 225 830 antidosi)
254 751 350 840 Hipp.
379 750 415 814 fr.
443 753 477 816 17
509 751 645 835 Bergkl·
682 757 806 832 τρέμει.
835 751 913 830 τοὺς
937 749 1078 830 ὀδόντας
1102 775 1180 836 σογ-

65 845 179 932 κρούει.
197 849 287 934 ῥιγοῑ
302 845 437 934 σφόδρα
453 847 529 914 Ηθε.
541 885 582 896 -
596 855 751 936 dead-tto
769 851 1026 934 (onomatopoeia
1042 849 1179 920 ortum‘n

64 944 120 1010 huo
141 965 212 1010 eum
236 945 349 1010 Fickio
371 946 490 1014 referre
512 968 577 1014 non
599 949 711 1015 ausim.

142 1040 360 1126 βαύβυκες.
383 1080 424 1090 -
447 1043 487 1106 ba
502 1051 550 1110 est
564 1066 675 1112 vocem
698 1045 858 1130 quandam
882 1043 987 1127 edere,
1011 1044 1050 1110 ci.
1068 1049 1180 1127 βο-ᾶν,

64 1138 148 1222 eujus
171 1147 221 1206 est
241 1138 350 1224 sid-ag,
373 1140 501 1225 βύ-ζ-α,
524 1141 678 1221 batiola).
724 1145 750 1210 E
774 1143 867 1208 ba-bu
889 1150 996 1210 autem
1019 1141 1181 1224 duplicato

65 1257 262 1320 progressum
292 1245 339 1304 est
368 1239 436 1319 ίιιί,
471 1241 526 1306 lat
549 1239 658 1314 tait-o,
696 1242 744 1306 lit.
773 1241 905 1326 bob-tyn,
935 1237 1080 1324 barat-lya
1106 1239 1127 1303 i.
1150 1259 1180 1321 q.

65 1335 161 1416 butio,
186 1341 220 1400 et
241 1356 287 1418 gr.
310 1334 509 1420 βαύίί-υκες·
533 1339 713 1416 aetenam
736 1339 811 1404 Ηεε.

143 1438 357 1516 γαγγαίνιο
375 1434 425 1512 (l).
456 1433 609 1516 Quamvis
630 1435 723 1502 radix
745 1435 835 1502 nuile
857 1439 945 1502 extet
965 1455 1007 1518 9ο
1021 1465 1064 1484 =
1077 1432 1181 1500 ridere

65 1530 111 1595 vel
133 1551 247 1596 sonum
270 1531 382 1614 edere,
420 1537 528 1599 tamen
550 1531 618 1598 rad.
642 1554 761 1600 sanscr.
784 1531 866 1616 *qod
893 1531 1019 1598 videtur
1041 1531 1183 1614 duplica-

66 1627 145 1692 tione
168 1635 239 1694 orla
267 1648 352 1710 esse,
386 1631 424 1696 oi.
447 1631 538 1698 radd.
560 1631 641 1714 qa-ci
659 1651 736 1716 qia-p
758 1653 833 1714 ρει-ν
866 1631 914 1708 (F.
942 1633 1043 1706 1027).
1088 1627 1183 1694 Unde

65 1721 174 1808 qaod-a
201 1733 417 1812 contemptus,
450 1725 608 1811 qoud-ana
630 1747 802 1812 spernent,
836 1749 897 1812 quo
926 1727 1061 1792 redeunt
1082 1749 1182 1810 γαγγ-

68 1827 182 1888 αίνειν·
217 1823 257 1888 τὸ
280 1823 365 1904 μετὰ
387 1826 531 1910 γέλωτος
553 1824 790 1910 προσπαίζειν.
827 1821 1182 1910 ἀνα-γαγγ-ανεὺοοσι·

68 1919 253 2007 ἀναβοῶσιν
274 1923 350 1988 Heu.

144 2017 339 2106 νογγίζω.
378 2056 418 2066 -
453 2041 494 2102 qa
516 2025 663 2104 (qen-att)
699 2027 747 2088 est
782 2019 851 2088 rad.
880 2018 1037 2086 sansonie
1073 2037 1182 2082 vocem

69 2117 246 2202 significans
269 2115 351 2196 (ved.
374 2117 488 2184 intens.
510 2122 607 2202 qo-qa
629 2119 825 2204 praedicare,
849 2117 1032 2202 posterioris
1054 2115 1185 2200 linguae

69 2225 205 2298 ριν-ρο),
238 2214 276 2280 ci.
306 2221 398 2298 γοᾶν.
441 2215 560 2300 Equa
590 2217 752 2300 duplicata
777 2236 874 2300 ρει-ρο
905 2222 1005 2280 σείετο
1036 2220 1084 2278 est
1112 2233 1183 2296 9119,
1270 2217 1274 2248 l

70 2312 166 2378 natali
188 2319 317 2378 auctum
339 2335 431 2398 quoq,
455 2335 512 2381 ser.
535 2309 618 2399 qonq'
640 2315 776 2398 mugire:
815 2333 909 2396 quam
932 2313 1072 2379 radicem
1096 2329 1185 2394 grae-

70 2427 133 2473 cum
155 2406 320 2496 γογγ-ὑζιο
343 2411 477 2494 praebet
500 2433 517 2480 e
539 2411 704 2498 γογγ-οζιρ
727 2409 971 2476 dissimilatione
993 2419 1111 2493 ortum,
1147 2409 1185 2476 cf.

71 2501 159 2570 ali-vt
182 2503 278 2572 dt-vt
301 2504 453 2588 ὂλ-ολ-ύς
476 2506 620 2589 ὀλολύζειν
628 2537 638 2588 ‚·
669 2505 782 2572 ὀτοτοῖ
805 2503 960 2587 ὀτοτύζειν.

149 2606 328 2689 καγκαλέ
337 2631 354 2670 ο
363 2631 380 2684 ς
393 2607 441 2686 (l).
465 2607 593 2672 Radicls
609 2605 649 2670 lat
665 2630 729 2670 aas
743 2609 893 2688 (ταῦ-μα)
909 2605 1070 2690 antiquior
1085 2606 1187 2672 forma

72 2724 115 2764 κα
136 2701 264 2767 Fieki02
290 2707 369 2768 1062
392 2705 545 2790 probatur
568 2703 694 2770 collatis
716 2703 818 2768 latino
847 2703 980 2766 cal-idas
1002 2705 1051 2782 (R.
1074 2703 1186 2786 oa-Il),

71 2805 130 2879 got.
144 2797 243 2863 tait-o
265 2799 372 2884 sebnia,
396 2803 542 2896 palaeog.
566 2801 670 2884 ln'zza,
694 2801 739 2864 lit.
761 2799 895 2864 Ιαιίί-ιίια
919 2801 1071 2868 calefacio
1094 2807 1120 2880 (t
1134 2801 1187 2867 de-

74 2895 281 2978 terminai.‘l);
315 2899 361 2964 lit.
385 2897 493 2961 iar-ii
522 2897 683 2979 calefacio,
718 2906 782 2980 gol.
806 2897 914 2962 haur-i
940 2899 1035 2964 carbo
1066 2899 1187 2976 (car-bo

74 2991 107 3056 ci.
141 2993 293 3072 tur-bol).
338 2997 580 3062 Devoealium
617 2996 739 3061 vicibus
775 2995 838 3060 vid.
876 2996 932 3065 F)
960 2999 1031 3060 943.
1087 3021 1187 3080 noya·

75 3089 164 3168 αλέος
196 3099 303 3158 autem
337 3091 490 3176 adjectivi
521 3101 644 3178 partem
674 3093 811 3178 priorem
842 3113 912 3160 esee
941 3117 1024 3178 καγκ
1053 3102 1189 3180 apparet

73 3187 191 3254 collatis
218 3189 533 3280 πολε-καγκ-ής
563 3191 628 3274 adj.
652 3199 684 3256 ei
712 3195 950 3276 καγκ-ομένρς·
982 3193 1084 3278 ξηρᾶς
1113 3193 1186 3257 Ησε.

76 3279 115 3364 (v.
143 3307 173 3371 p.
198 3285 286 3372 311).
338 3285 459 3352 Eodem
495 3295 601 3354 autem
630 3289 792 3372 pertinent
821 3285 998 3370 κάγκ-ανος
1027 3295 1058 3352 et
1088 3311 1189 3371 καγκ-

76 3385 171 3446 αι’νει·
201 3381 342 3449 θάλπει.
372 3385 522 3470 ξηραίνει
545 3385 620 3452 Ηοε.
658 3422 700 3432 -
736 3385 794 3452 His
817 3385 944 3468 quidem
967 3404 1032 3450 non
1054 3386 1188 3450 multum

77 3478 243 3564 proficitur3
266 3503 362 3545 unum
385 3489 492 3548 aetem
514 3483 610 3548 liceat
633 3502 779 3548 monere:
817 3503 859 3548 ne
882 3483 951 3566 quis
974 3482 1083 3548 credat
1106 3507 1188 3568 καγν.

78 3592 262 3660 εκαγ-καν
299 3577 461 3662 duplicato
502 3587 533 3646 et
566 3601 605 3644 ea
637 3601 731 3663 quam
764 3600 919 3662 negamus
951 3583 994 3662 (p.
1020 3583 1080 3646 309
1109 3586 1189 3663 sqq.)

79 3675 174 3740 nasali
196 3676 349 3740 instructo
375 3675 448 3740 oriri
478 3677 619 3760 potuisse
648 3677 690 3742 ad
719 3675 944 3762 duplicationis
973 3677 1127 3742 infractae
1151 3678 1190 3742 si-

79 3767 290 3839 militudinem.
322 3773 406 3838 Nam
422 3775 475 3856 qui
491 3775 557 3839 tale
572 3775 648 3855 quid
663 3775 730 3840 fieri
752 3795 846 3858 posse
862 3775 1032 3856 existimat,
1050 3773 1191 3840 'fortasse

81 3865 167 3932 ellam
189 3869 285 3934 faciei
306 3890 376 3936 cum
400 3871 534 3954 Benlejo
557 3873 606 3936 W.
630 3873 654 3956 I,
679 3877 757 3955 205,
788 3873 840 3956 qul
864 3877 1004 3953 τέμνε-ω
1029 3871 1074 3936 εἰσ
1096 3873 1192 3938 inler-

81 3972 212 4040 pceialus
247 3973 310 4033 est:
354 3970 417 4033 ιτελ
440 3969 603 4046 (pel-lere)
637 3971 783 4035 πελ-πελ
817 3957 968 4052 naqa-ael„
1002 3995 1116 4052 τεεμ-ιτ
1152 4003 1191 4016 -
