2958 4868
243 383 285 447 88
329 325 332 332 ⁴
753 384 862 440 Frilsch

243 557 498 626 concurrentium
532 557 613 624 elisa
643 564 702 624 est.
745 557 859 640 Itaque
890 556 1009 622 lactum
1038 563 1087 622 est
1113 563 1149 622 ut
1176 575 1218 621 ne
1248 561 1364 623 certum

201 655 202 658 ’
244 655 373 740 quidem
395 674 513 721 nomen
536 661 692 737 exstaret,
715 647 777 738 quo
799 655 880 721 baec
902 653 994 721 elisio
1017 653 1257 737 significaretur.
1302 653 1367 718 Nos
1462 735 1463 740 ἵ

242 754 348 838 igitur,
378 773 449 818 cum
478 759 578 819 totam
600 772 669 819 rem
692 752 797 818 denuo
819 758 958 818 tractare
979 753 1072 818 nobis
1100 752 1367 836 proposuerimus,

243 851 380 936 primum
402 851 599 934 inquiramus
621 869 748 932 nomen,
771 870 834 933 quo
853 851 1021 916 elisionem
1042 850 1133 914 illam
1155 851 1367 933 appellemus.

285 1023 288 1030 ,
329 947 506 1014 Elisionem
526 947 686 1014 internam
708 955 833 1014 veteres
861 947 1060 1030 grammatici
1082 947 1178 1013 modo
1199 947 1368 1031 appellant

243 1065 418 1132 syncopen,
441 1044 537 1110 modo
561 1046 700 1128 ellipsin,
723 1044 819 1111 modo
837 1045 1009 1129 ecthlipsin
1030 1045 1083 1110 vel
1104 1045 1249 1129 thlipsin,
1273 1042 1367 1108 modo

243 1143 412 1210 exaeresin
433 1142 486 1208 vel
509 1132 738 1227 hyphaeresin.
775 1143 817 1208 Et
839 1163 1002 1228 syncopen
1024 1142 1153 1225 quidem
1174 1143 1220 1207 ibi
1244 1149 1368 1208 tantum

242 1241 361 1308 iactam
384 1260 455 1307 esse
476 1247 634 1323 statuunt,
667 1241 723 1306 ubi
744 1242 943 1326 syllabarum
965 1259 1133 1322 numerus,
1163 1241 1300 1322 explosa
1330 1257 1370 1304 ex
1462 1245 1463 1254 ³

242 1338 351 1405 media
386 1356 466 1403 voce
502 1338 646 1422 syllaba,
684 1339 896 1421 imminuitur,
934 1338 1059 1422 ellipsis
1095 1344 1202 1403 autem
1238 1336 1369 1402 nomine

242 1435 453 1520 aphaeresin,
487 1455 668 1520 syncopen,
706 1455 873 1521 apocopen
901 1435 1177 1520 comprehendunt
1205 1433 1260 1520 (ci.
1290 1434 1369 1501 Lob.

243 1534 337 1598 Patb.
366 1533 417 1598 El.
445 1553 477 1616 p.
500 1531 552 1618 3),
590 1534 739 1617 ecthlipsi
772 1533 909 1606 eandem
939 1534 1140 1599 affectionem
1177 1533 1384 1616 significant,

244 1651 341 1713 quam
362 1629 441 1694 alibi
463 1649 631 1714 apocopen
653 1632 836 1714 appellant,
860 1631 899 1696 cf.
922 1629 1001 1696 Lob.
1023 1631 1115 1695 Path.
1139 1622 1187 1694 El.
1209 1651 1241 1714 p.
1268 1637 1369 1722 lsqq.

114 1747 117 1754 ’
243 1728 410 1794 Relicuum
433 1733 483 1794 est
504 1729 608 1794 solum
630 1729 840 1813 hyphaeresis
864 1730 918 1795 vel
947 1729 1109 1795 exaeresis
1137 1748 1271 1810 nomen,
1307 1747 1369 1811 quo

244 1832 369 1892 veteres
391 1826 591 1909 grammatici
613 1827 780 1894 elisionem
796 1827 934 1910 alicujus
955 1827 1082 1892 litterae
1105 1826 1214 1892 media
1234 1827 1270 1891 in
1290 1845 1371 1892 voce

243 1923 363 1990 iactam
390 1925 653 2008 complectuntur.
704 1925 754 1989 Ex
787 1924 837 1990 his
865 1925 951 1990 cuim
979 1924 1059 1989 locis
1080 1924 1226 2008 intellegi
1244 1930 1368 2009 potest,

244 2041 329 2103 quae
350 2020 392 2086 sit
408 2021 636 2105 hyphaeresis:
658 2022 692 2086 in
708 2023 745 2086 Ε.
761 2023 803 2087 Μ.
819 2043 852 2104 p.
867 2025 939 2104 680,
957 2025 995 2087 57
1019 2022 1172 2104 legimus:
1194 2020 1368 2104 Πόλυβος·
1395 2081 1404 2104 ,

246 2116 397 2204 συγκοπὴ
422 2119 479 2184 καὶ
502 2114 561 2198 οὐχ
582 2115 779 2210 tectosag-
814 2117 845 2184 εἰ
867 2117 930 2202 γὰρ
954 2111 1028 2184 κατ’
1054 2118 1206 2202 ἔλλειψιν
1235 2117 1367 2203 ἐγένετο

244 2217 303 2282 τοῦ
326 2241 355 2297 v,
385 2211 530 2302 ὤφειλεν
561 2209 648 2280 εἶναι
670 2214 829 2298 Παλύβος
856 2263 865 2280 .
888 2265 928 2282 ..
960 2211 1007 2294 ὥς
1036 2213 1193 2295 ὠκύπους
1215 2213 1369 2295 ὠκύπος,·

244 2314 281 2380 E.
297 2314 340 2378 M.
359 2316 409 2395 82,
435 2316 490 2378 18:
512 2311 554 2376 τὰ
578 2310 628 2390 εἰς
652 2312 711 2390 δας
732 2312 877 2400 λήγοντα
900 2310 1049 2396 ὀνόματα
1072 2365 1080 2380 .
1104 2365 1112 2378 .
1136 2363 1143 2377 .
1168 2308 1367 2399 εὑρίσκομεν

245 2408 330 2494 παρ’
348 2407 440 2476 Ἴωσι
461 2407 547 2476 καθ’
571 2404 753 2496 ὑφαίρεσιν
774 2418 834 2476 τοῦ
858 2410 877 2474 d
899 2410 1079 2495 λεγόμενα,·
1107 2411 1207 2476 schol.
1230 2413 1284 2476 Ar.
1308 2414 1368 2478 Av.

249 2512 324 2574 149:
361 2513 539 2592 Λέπρειον
569 2504 655 2573 καθ)
677 2505 860 2594 ὑφαίρεσιν
888 2515 948 2573 τοῦ
972 2535 985 2574 ι
1007 2508 1045 2574 τὸ
1068 2515 1232 2594 Λέπρεον
1262 2504 1366 2576 εἶπεν.

245 2607 347 2672 Nobis
367 2606 465 2689 igitur
487 2607 584 2673 licere
606 2606 733 2672 videtur
755 2607 922 2673 elisionem
944 2607 1082 2688 vocalis,
1105 2616 1266 2688 quaeant
1287 2608 1368 2674 iuter

246 2702 327 2769 duas
342 2705 471 2770 vocales
485 2711 541 2768 aut
555 2711 631 2769 ante
645 2710 701 2768 aut
716 2711 790 2789 post
803 2706 901 2769 aliam
916 2705 1061 2770 vocalem
1076 2704 1162 2770 lacta
1177 2712 1235 2784 est,
1258 2707 1367 2790 appel-

244 2801 314 2868 lare
336 2801 565 2885 hyphaeresin.

330 2899 369 2962 In
389 2897 621 2964 constituendis
642 2897 758 2964 finibus
780 2898 991 2982 hyphaeresis
1013 2898 1150 2982 primum
1173 2897 1367 2983 distinguen-

246 2995 308 3062 dae
330 3002 404 3062 sunt
422 2997 549 3062 vocales
571 2995 693 3072 molles,
717 3013 779 3079 quo
801 2996 931 3061 nomine
948 3020 960 3060 ι
976 3002 1040 3060 eto
1057 2997 1365 3080 comprehendimus,

246 3101 278 3160 ct
306 3093 416 3176 durae,
449 3113 511 3176 quo
544 3093 674 3158 nomine
706 3093 845 3174 reliquas
876 3092 1101 3174 significamus.
1145 3095 1261 3162 Molles
1284 3097 1366 3162 enim

245 3192 375 3257 vocales
401 3191 620 3274 compluribus
648 3191 682 3254 in
713 3191 831 3271 linguis
853 3198 929 3256 ante
950 3191 1032 3256 alias
1054 3193 1183 3257 vocales
1204 3193 1238 3256 in
1253 3193 1278 3277 j
1298 3202 1365 3259 atu

246 3295 489 3370 commutantur,
520 3288 601 3353 sicut
622 3288 656 3352 in
684 3288 748 3352 skt.
777 3289 868 3369 pto-s
894 3308 967 3370 gen.
989 3289 1117 3370 pov-dc,
1149 3309 1255 3372 neque
1276 3292 1367 3356 aliter

245 3386 333 3471 apud
356 3388 496 3454 Graecos
517 3405 557 3450 ea
579 3391 695 3466 aetate,
718 3405 782 3467 qua
804 3385 833 3450 ei
856 3386 953 3451 etiam
967 3386 992 3470 j
1012 3392 1044 3451 et
1065 3411 1087 3450 r
1107 3389 1365 3470 pronuntiabant,

246 3504 288 3550 ex
308 3481 454 3567 *βου-ας
469 3481 625 3565 *dor-og,
649 3502 690 3548 ex
713 3479 819 3570 ἀκουή
835 3479 969 3568 *cirrose
986 3490 1088 3548 ortum
1104 3489 1166 3567 est3
1190 3490 1257 3550 tum
1265 3485 1290 3570 j
1302 3494 1333 3552 et
1346 3510 1366 3549 ν
1462 3473 1463 3490 ³

249 3587 459 3657 evanuerunt,
482 3588 516 3646 ut
537 3581 570 3646 in
585 3579 685 3663 βο-ός
700 3601 758 3664 pro
781 3578 938 3662 *cof-09,
961 3588 995 3645 ut
1010 3581 1044 3644 in
1060 3579 1167 3646 verbis
1182 3581 1216 3645 in
1239 3605 1289 3646 αω
1311 3603 1365 3666 pro

247 3677 347 3761 ojomr'
378 3685 437 3744 cet.
490 3679 670 3744 Posteriore
700 3684 808 3744 aetate
838 3697 909 3742 cum
932 3675 1048 3743 Graeci
1062 3677 1087 3761 j
1107 3684 1139 3743 ct
1160 3703 1181 3742 r
1209 3701 1274 3746 non
1298 3681 1364 3764 jam

246 3775 463 3858 pronuntiare,
485 3775 594 3858 itaque
617 3777 713 3842 etiam
730 3799 742 3838 ι
757 3782 789 3840 et
803 3799 822 3838 v
838 3775 872 3840 in
886 3775 1096 3842 semivocales
1103 3775 1129 3860 j
1140 3785 1172 3842 et
1189 3800 1210 3840 r
1232 3796 1364 3842 commu·

246 3880 316 3940 tare
338 3893 403 3937 non
426 3879 565 3956 possent,
590 3880 705 3938 natura
726 3873 818 3956 quasi
839 3873 946 3938 mollis
963 3873 1076 3938 harum
1099 3873 1258 3938 vocalium
1281 3873 1364 3939 vide-

246 3976 374 4046 turcas
397 3977 596 4052 extenuasse,
619 3971 665 4036 ita
686 3975 722 4035 ut
742 3968 838 4035 modo
861 3975 968 4035 ποιέω
991 3971 1087 4036 modo
1102 3975 1206 4048 πνέω,
1230 3979 1262 4036 et
1284 3970 1364 4057 ἐπή-
