3020 4866
286 427 327 490 68
766 429 933 486 Foresmann

284 600 543 670 Uebereinkunft
563 601 652 668 nieht
674 602 837 670 bestimmt
857 623 916 668 aus
938 600 995 668 der
1009 601 1205 685 Gegenwart
1226 601 1261 668 in
1284 601 1338 669 die
1352 603 1410 670 Zu-

283 700 380 768 kunft
408 700 630 766 hernustreten
658 721 696 764 zu
726 701 851 782 loeson,
883 700 926 765 ist
954 705 1055 765 etwas
1083 719 1166 782 ganz
1187 699 1336 767 Anderes
1363 703 1410 768 als

284 798 357 866 eine
371 797 467 862 Form
489 816 528 862 zu
548 797 764 880 gebrauehen‚
788 798 841 864 die
863 797 937 864 dem
952 795 1187 880 Spraohgeiflhl
1208 798 1336 881 zutolge
1360 799 1410 864 die

284 901 588 978 entgegengesetzte
602 894 674 962 Zeit
694 895 913 977 bez'eiohnet“,
936 901 1033 976 atque
1045 894 1079 958 in
1095 896 1308 962 annotatione
1320 897 1411 962 affert

284 994 444 1077 exempla,
467 993 582 1076 quibus
604 992 811 1075 demonstret,
834 1000 908 1077 post
929 988 990 1058 οὐκ
1013 990 1079 1078 ἔφη
1103 991 1298 1058 infinitivum
1320 1013 1417 1078 prae·-

283 1093 384 1162 sentis
412 1111 471 1175 per
500 1087 684 1178 ἐναλλαγήν
712 1091 897 1174 profuturo
920 1089 1078 1156 adhiberi.
1122 1091 1165 1155 At
1190 1110 1250 1156 nos
1272 1091 1409 1174 quidem,

284 1189 456 1274 quiquam
477 1187 644 1255 moderate
666 1188 782 1254 Graeoi
806 1188 891 1253 huno
919 1187 1073 1271 loquendi
1101 1207 1193 1252 usum
1222 1188 1411 1255 admiserint

284 1288 367 1354 bene
389 1288 523 1366 seimus,
546 1285 752 1352 verisimilius
773 1291 921 1370 putamus
943 1304 962 1350 e
984 1283 1216 1368 significatione
1237 1286 1410 1352 voluntatis

283 1386 452 1452 verborum
485 1383 665 1466 regentium
697 1389 799 1449 ortam
828 1401 899 1449 esse
926 1382 1016 1446 illam
1045 1388 1244 1448 structuram.
1289 1381 1411 1462 Quodsi

283 1482 366 1550 haee
386 1482 421 1546 in
444 1480 678 1546 dubitationem
700 1500 806 1560 vonas,
836 1479 982 1546 conteras
1005 1499 1124 1562 quaeso
1147 1481 1232 1546 Xen.
1255 1479 1362 1546 Anab.
1385 1481 1409 1558 1,

285 1582 351 1662 3‚8
375 1575 435 1644 οὐκ
458 1576 525 1664 ἐ’φη
551 1576 638 1644 ἰέναι
660 1597 732 1644 eum
754 1576 843 1644 ἰέναι
865 1573 925 1644 οὐκ
940 1573 1046 1664 ἤθελε
1070 1577 1137 1655 (ib.)
1153 1579 1207 1644 vel
1222 1573 1282 1643 οὐκ
1299 1575 1409 1644 ἐθέλω

284 1674 403 1744 ἐλθεῖν
426 1676 462 1754 (Ι,
486 1679 515 1758 3,
542 1678 592 1752 10)
616 1682 648 1742 55
669 1675 824 1758 respicias
844 1695 972 1742 versum
994 1675 1086 1740 illum
1101 1675 1329 1758 Aristophanis
1351 1670 1410 1740 κᾶν

284 1773 346 1855 μὲν
367 1770 413 1859 μὴ
438 1777 489 1860 φῇ
510 1768 593 1859 μηδ’
618 1770 769 1859 ἐθελήσῃ
794 1793 820 1838 5.
844 1793 874 1855 q.
897 1793 922 1838 ι.
967 1769 1068 1856 (Aves
1091 1771 1186 1858 555),
1223 1793 1306 1857 qnae
1334 1774 1411 1840 satis

284 1889 445 1955 superque
473 1871 627 1953 probant,
661 1867 701 1936 od
729 1861 819 1958 ξοημι
847 1869 933 1936 idem
961 1865 1072 1936 ualere
1097 1869 1183 1952 quod
1211 1867 1273 1934 οὐκ
1296 1866 1410 1951 ἀξιόω,

283 1969 305 2034 i.
328 1987 356 2035 5.
378 1968 465 2050 5515,
493 1967 631 2051 ideoque
652 1967 783 2036 easdem
809 1974 984 2034 stmoturas
1005 1967 1184 2034 admittere.
1228 1967 1320 2046 Quae
1341 1987 1410 2033 eum

283 2068 330 2134 ita
351 2067 432 2148 sint,
461 2066 641 2132 servandus
663 2072 712 2132 est
739 2073 814 2150 post
836 2063 897 2132 οὐκ
920 2064 986 2152 ἐ’φη
1016 2085 1083 2130 555
1105 2067 1207 2130 solum
1230 2065 1410 2149 praesentis

283 2163 479 2244 infinitivus,
508 2170 543 2228 ut
565 2163 715 2248 Xenoph.
739 2165 844 2230 Anab.
866 2165 892 2243 Ι,
916 2169 945 2242 3,
968 2166 986 2227 7
1011 2169 1043 2228 55
1072 2163 1128 2241 IV,
1151 2169 1181 2242 5,
1208 2169 1245 2228 15
1267 2161 1410 2247 πορεύε-

285 2267 381 2340 σθαι,
405 2254 491 2343 quod
505 2266 627 2327 temere
642 2259 780 2328 0555555
795 2261 839 2326 ad
853 2262 949 2326 futuri
963 2261 1098 2326 formam
1116 2259 1265 2342 redigere
1283 2260 1408 2338 suadet,

285 2358 344 2426 sed
372 2359 469 2426 etiam
497 2359 651 2441 norisius,
693 2359 787 2426 sieuti
815 2359 961 2443 Thucyd.
985 2359 1022 2441 V,
1046 2361 1138 2439 22,1
1188 2354 1248 2422 οὐκ
1278 2356 1408 2444 ἔφασαν

285 2456 465 2538 (λέξασθαι,
488 2476 582 2539 quem
604 2457 709 2523 looum
731 2477 796 2523 non
819 2456 960 2523 debebat
982 2457 1156 2522 sollieitare
1177 2454 1408 2522 15555555.-

284 2555 439 2622 Similiter
471 2562 546 2620 sunt
579 2555 783 2639 expedienda
805 2555 893 2635 VIII,
918 2558 968 2636 80,
993 2557 1011 2618 2
1048 2553 1087 2618 τὸ
1116 2550 1303 2632 Βυζάντιον
1332 2552 1409 2619 ἐπε·

284 2649 486 2740 κηροκεύετο
503 2649 619 2730 αὐτοῖς
641 2649 843 2739 ἀποστῆναι,
867 2651 1014 2734 Byzantii
1036 2669 1095 2734 per
1113 2651 1239 2734 legatos
1254 2651 1302 2716 eis
1313 2651 1409 2734 signi-

283 2749 424 2816 fieabant
445 2769 481 2816 55
503 2769 574 2816 5555
596 2757 726 2835 paratos
748 2749 792 2816 ad
818 2749 1030 2816 detentionem
1058 2747 1255 2827 iaeiendam,
1284 2749 1409 2834 Bynam

285 2849 376 2916 erent
393 2847 462 2914 sieh
484 2846 667 2914 abzufallen
689 2848 740 2926 (ef.
760 2849 815 2929 VI,
833 2851 882 2926 88,
907 2851 925 2912 7
949 2844 1246 2930 ἐπαγγελλομένων
1268 2883 1310 2892 -
1334 2849 1410 2928 ξομ-

283 2947 476 3028 πολεμεῑν),
513 2963 620 3026 neque
651 2964 743 3011 55555
772 2943 966 3028 explioanda
994 2943 1048 3022 IV,
1072 2946 1112 3008 99
1142 2939 1407 3026 ἀποκρίνασθαι,

284 3042 450 3119 ἀπιόντας
473 3041 531 3106 καὶ
553 3035 741 3125 ἀπολαβεῖν
762 3037 1012 3108 ἃᾶπαιτοῦοιν.
1048 3037 1261 3107 Heilmannus
1283 3041 1411 3124 quidem

285 3148 317 3210 et
328 3141 467 3208 Haasius
482 3139 563 3205 haee
577 3139 677 3205 verba
691 3139 839 3219 reddunt,
856 3140 949 3222 quasi
963 3135 1150 3220 ἀπολαβεῖν
1162 3144 1247 3204 esset
1261 3137 1411 3219 futurum,

284 3239 343 3308 sed
364 3237 436 3321 quis
457 3242 506 3302 555
527 3236 604 3319 quin
625 3237 744 3318 videat,
766 3238 801 3302 in
823 3237 922 3304 verbo
943 3233 1202 3320 ἀποκρίνασθαι
1223 3237 1326 3304 latere
1348 3237 1410 3304 vim

284 3333 489 3416 eohortandi‚
518 3339 553 3398 ut
577 3333 611 3399 in
632 3335 899 3417 praeoedentibus
921 3333 1027 3400 verbis
1050 3329 1292 3417 ἀπεκρίναντο,
1318 3332 1411 3400 εἰ-
1494 3383 1495 3408 ,

286 3431 558 3521 proponerent?
600 3431 694 3498 Hune
714 3432 810 3515 igitur
832 3433 866 3497 in
888 3433 1019 3500 modum
1041 3429 1213 3497 vertendus
1236 3437 1286 3497 est
1308 3433 1411 3503 loeus:

285 3533 484 3615 „Honestam
505 3547 582 3594 vero
597 3529 737 3612 speeiem
759 3529 888 3611 habere,
911 3532 939 3596 si
956 3527 1204 3613 responderent:
1228 3547 1246 3594 e
1261 3548 1319 3594 suo
1335 3547 1409 3612 agro

286 3628 490 3696 diseedeutes
518 3626 700 3711 reciperent
727 3624 767 3693 ea
794 3647 877 3710 quae
908 3632 1103 3711 repeterent,
1131 3626 1185 3698 ,sie
1213 3626 1333 3693 sollten
1362 3646 1410 3690 nu·

285 3726 400 3792 naohst
426 3725 477 3789 ihr
505 3723 622 3790 Gebiet
649 3734 782 3791 raumen
810 3725 877 3791 und
905 3724 993 3790 daun
1029 3731 1109 3806 eret,
1144 3743 1212 3788 was
1241 3722 1288 3788 sie
1316 3723 1409 3789 bean·

285 3823 468 3906 spruohten
491 3821 665 3888 nahmen.“
767 3885 774 3895 ,

372 3919 436 3985 Ubi
451 3937 527 3984 vero
551 3925 649 4005 φημί,
672 3921 848 4004 λογίζομαι
866 3924 898 3984 55
912 3937 994 4000 quae
1009 3918 1056 3984 eis
1071 3924 1207 4002 cognata
1222 3924 1297 3984 sunt
1312 3916 1406 3984 verba

284 4015 549 4102 signifieationem
562 4017 690 4084 dioendi
702 4017 900 4101 potandique
913 4015 1070 4099 integram
1082 4022 1293 4082 serraverunt
1303 4013 1405 4082 simul·
