2958 4868
293 397 352 460 130
524 413 531 422 “
799 400 908 456 Fritsch

290 593 397 642 errare
425 591 557 642 ncccmc
586 579 670 654 crat,
707 573 804 638 utin
832 571 1020 654 bistermis
1052 570 1254 656 explicandis
1287 572 1397 638 enavit

288 673 362 740 Jum
384 679 482 740 autea
503 671 720 738 intelleximus
743 672 838 738 etiam
860 671 894 736 in
917 668 1033 749 ἕνδέα,
1061 666 1225 742 καταόέα,
1249 663 1354 734 θλκλὲα
1374 693 1398 734 ιε

289 777 365 838 ante
387 793 408 834 α
430 771 464 836 in
487 793 502 835 ε
525 769 657 852 corripi;
686 789 815 852 prorsus
844 768 941 851 igitur
962 768 1021 834 illa
1047 767 1100 836 lex
1121 767 1262 836 Brcdcri
1285 767 1398 834 videtur

238 919 240 926 ,
288 887 362 936 esse
383 866 534 951 neganda
555 873 587 934 et
606 865 793 950 rejicienda

199 960 201 965 ’
373 965 446 1031 Alio
468 963 563 1030 modo
586 964 706 1030 Stein
698 985 732 1028 m
754 963 855 1048 praei.
878 963 929 1029 ed.
952 964 1019 1030 crit.
1042 962 1241 1046 pXXXIII
1262 895 1398 1050 puplicat

289 1069 347 1128 cet
370 1061 532 1130 defendit.
576 1062 643 1130 Illo
666 1062 751 1128 enim
780 1060 989 1146 praefationis
1016 1061 1087 1126 loco
1109 1059 1201 1128 Stcin
1230 1059 1272 1128 de
1301 1060 1398 1126 codice

287 1160 434 1228 Parisino
455 1160 555 1226 verba
576 1159 707 1226 incitet
729 1159 863 1242 exponit
891 1158 1036 1242 quidem,
1066 1157 1207 1224 codicem
1230 1157 1266 1224 P.
1290 1158 1397 1224 habere

288 1258 446 1342 quaedam
468 1258 530 1324 sihi
552 1258 698 1341 propria,
724 1276 826 1340 μιαθυ
847 1256 906 1321 illa
928 1255 1067 1340 quidem,
1097 1255 1155 1322 sed
1177 1257 1397 1336 memorabilia,

287 1349 347 1422 nbc
368 1355 435 1422 iere
456 1354 562 1422 laudis
585 1355 739 1438 expertia.
783 1353 906 1435 „Nam,
934 1353 1052 1437 pergit,
1075 1359 1301 1437 praeterquam
1324 1351 1398 1436 quod

286 1453 320 1518 in
343 1453 597 1536 orthographicis
612 1453 777 1534 aliquanto
793 1457 842 1516 est
857 1451 970 1518 ceteris
992 1451 1167 1534 purgatior,
1189 1451 1351 1534 quaedam
1365 1449 1398 1516 ad

288 1549 458 1618 dialectum
480 1551 620 1616 maxime
642 1549 835 1633 pertinentia
855 1569 940 1616 unus
953 1555 1039 1614 recte
1053 1555 1109 1614 aut
1123 1554 1209 1614 certe
1224 1555 1399 1614 constanter

288 1647 406 1732 scripta
433 1648 597 1714 exhibet.“
641 1647 684 1714 Ut
710 1647 772 1712 hcc
800 1647 1011 1726 demonstret,
1048 1645 1151 1728 primo
1182 1647 1254 1710 loco
1291 1646 1398 1712 formas

286 1745 359 1810 illas
381 1745 489 1824 affert,
519 1745 637 1812 deinde
659 1745 740 1810 hacc
761 1743 896 1828 profert:
924 1763 1017 1826 „cum
1047 1749 1079 1810 ct
1100 1742 1246 1808 codicum
1268 1764 1398 1810 nonnus

287 1835 381 1926 quam
404 1841 467 1909 fide
481 1863 520 1908 ac
541 1862 698 1909 consensu
721 1842 774 1923 (A
789 1844 830 1906 39
846 1837 1000 1926 φοβὲεαι,
1023 1845 1062 1904 H
1081 1846 1121 1906 50
1146 1839 1323 1926 ὁιαιρέεαι,
1347 1847 1395 1907 161

288 1937 452 2025 utraqu
420 1940 545 2024 cipsa
565 1941 688 2006 ratione
711 1939 796 2014 (sici)
819 1945 943 2004 constet
963 1957 1023 2003 nec
1044 1938 1244 2007 contraxisse
1266 1939 1398 2005 Herodo-

286 2045 352 2102 tum
373 2056 435 2104 nec
461 2037 659 2104 imminuisse
680 2036 849 2102 verborum
877 2035 1031 2130 icrmas'
1023 2056 1058 2100 ιθ
1080 2058 1152 2100 εεαι
1174 2056 1202 2100 a
1222 2037 1325 2120 primo
1351 2056 1397 2102 cx·

188 2141 190 2146 '
286 2139 413 2217 euntes,
443 2134 495 2200 hic
516 2155 599 2202 unus
622 2135 681 2213 (Ρ.)
710 2133 827 2200 retinet
848 2134 899 2198 v'cl
928 2132 1034 2216 potius
1055 2131 1254 2216 redintegrat
1276 2135 1396 2218 plenam

285 2231 572 2298 terminationem
564 2254 598 2297 m
613 2233 797 2345 Archetypo
819 2232 922 2296 altera
945 2229 1158 2296 eiraudatam
1180 2233 1220 2294 A
1236 2235 1299 2298 206
1320 2257 1396 2316 πρυ-

285 2327 432 2411 θυμέεαι
461 2338 511 2396 cet
499 2329 544 2395 t.“
587 2330 695 2396 Duo'
687 2329 746 2412 1git
747 2351 783 2394 ur
806 2334 1055 2411 argumentat
1017 2327 1174 2394 Sicinium
1196 2338 1343 2414 movent,
1367 2337 1396 2394 ut
1462 2330 1463 2333 ’

285 2433 419 2509 statuat,
442 2425 597 2514 φοβέεαι,
619 2424 838 2511 προθυμὲθαι
853 2432 913 2492 θθλ.
936 2445 1007 2492 csse
1029 2422 1124 2490 veras
1145 2425 1280 2492 formas:
1303 2429 1394 2514 prima

285 2531 341 2608 cst,
366 2525 451 2608 quod
472 2525 599 2592 codices
621 2543 843 2607 nonnusquam
859 2523 1071 2590 consentiunt.
1115 2521 1182 2588 Sed
1204 2525 1259 2606 qui
1280 2532 1328 2592 cst
1347 2526 1394 2590 illc

284 2622 427 2688 codicum
450 2641 641 2705 consensus,
670 2643 741 2688 cum
769 2621 870 2686 tribus
892 2627 1016 2686 tantum
1037 2621 1116 2686 locis
1138 2622 1276 2690 eandem
1298 2623 1393 2689 lectio

283 2740 356 2788 uem
380 2721 563 2803 exhibeant,
586 2727 709 2804 septem
730 2727 838 2785 autem
869 2717 990 2802 (omisit
1011 2717 1100 2784 Stein
1123 2714 1393 2804 ἀπολαμπρυνέαι

284 2821 322 2882 A
344 2817 399 2904 41)
422 2818 562 2884 interae
585 2816 790 2900 discrepent?
833 2817 945 2882 Altera
967 2822 1016 2882 est
1037 2815 1131 2898 „ipsa
1151 2817 1269 2882 ratio.“
1302 2817 1392 2898 Quac-

283 2935 358 2980 nam
380 2915 510 2982 tandem
533 2913 637 2980 ratio?
688 2913 844 2996 Equidem
868 2933 938 2980 eam
959 2911 1149 2996 intellegere
1180 2935 1312 2998 prorsus
1337 2935 1390 2982 nou
1462 2980 1463 2983 ,

283 3033 422 3096 possum.
466 3015 548 3078 Tum
571 3012 641 3078 cod.
663 3012 826 3078 Parisinus
854 3031 896 3078 ne
922 3011 957 3075 in
980 3011 1030 3076 his
1052 3011 1180 3094 quidem
1210 3011 1320 3080 formis
1339 3010 1390 3078 sibi

283 3116 423 3191 constat,
454 3129 525 3176 cum
553 3111 593 3174 A
613 3114 652 3173 41
682 3106 963 3191 ἀπολαμπρυνέαι
998 3127 1068 3174 cum
1098 3109 1212 3176 ceteris
1241 3110 1390 3176 codicibus

283 3209 445 3291 praebeat.
491 3209 608 3274 Vereor
635 3207 740 3290 igitur,
769 3214 804 3271 ut
826 3205 989 3272 a.Stcinio
1018 3207 1103 3274 bene
1130 3208 1191 3272 hoc
1220 3207 1387 3292 exemplum
1441 3259 1443 3266 ,

284 3305 497 3386 clectumsit,
527 3325 589 3387 quo
611 3304 753 3371 codicem
775 3304 955 3370 Parisinum
977 3305 1090 3370 ceteris
1112 3306 1326 3388 purgatiorem
1345 3303 1390 3368 dc-

239 3453 243 3460 .
283 3409 484 3470 monstraret.
527 3404 620 3485 Nam,
643 3409 678 3498 ut
695 3401 764 3485 jam
787 3422 883 3486 supra
911 3403 1080 3486 explicavi,
1104 3403 1194 3468 nulla
1215 3423 1311 3469 causa
1330 3420 1388 3486 pcr-

283 3500 362 3585 spici
383 3506 502 3584 potest,
532 3520 595 3582 qua
617 3501 712 3566 Iones
734 3522 789 3564 aco
811 3499 844 3563 in
874 3523 910 3586 ao
939 3501 1162 3584 corripuerint,
1194 3524 1267 3568 cecc
1294 3507 1386 3564 auten

282 3597 478 3662 retinuerint.
522 3599 604 3662 Tum
628 3597 697 3680 jam
726 3597 760 3662 in
788 3597 956 3664 homericis
978 3599 1171 3664 carminibus
1197 3623 1270 3666 εεαι
1290 3599 1385 3662 in'acl

283 3694 398 3776 corripi
419 3701 565 3778 coeptum
588 3701 636 3760 cst
664 3694 713 3772 (ci.
737 3692 882 3776 μυθέαι,
912 3692 1050 3774 πωλέ’),
1079 3715 1163 3778 quac
1191 3690 1383 3781 hyphacresis

282 3789 316 3854 in
339 3789 475 3858 dialecto
498 3791 677 3858 nec-ionica
698 3791 731 3856 in
754 3791 901 3857 omnibus
922 3791 1031 3858 formis
1054 3812 1124 3858 csse
1152 3793 1292 3876 perfecta
1310 3787 1383 3854 ride·

282 3892 346 3970 tur;
376 3894 472 3970 atquc
500 3914 554 3955 cao
584 3888 743 3956 interdum
771 3889 804 3954 in
832 3889 1001 3955 homericis
1028 3891 1237 3973 carminibus,
1273 3901 1381 3968 semper

281 3984 315 4050 in
338 3983 475 4052 dialecto
503 3986 683 4054 nco-ionica
710 3987 743 4052 in
767 4011 802 4052 ευ
826 3993 1004 4070 correptum
1033 4005 1105 4054 esse
1128 3986 1199 4071 jam
1227 4005 1317 4071 sopra
1336 3980 1379 4045 de·
