2972 4868
255 415 317 478 306
744 419 884 474 Fritzsche

254 589 466 676 (cenf.1.r.)
496 599 528 658 et
556 592 597 656 ea
625 609 707 673 quae
739 591 885 658 similiter
914 610 1145 672 nonnunquam
1175 588 1298 654 videtur
1326 590 1373 654 in·

252 695 338 754 serta
361 707 433 754 esse
454 689 559 754 vocali
581 710 616 770 a,
646 688 684 752 cl.
707 686 952 771 lent-u·lcu‚t·‹iju‚
976 685 1243 773 dit-u-ltit-djn⁹)‚
1279 707 1373 769 quam

131 804 133 809 ·
253 785 391 852 eandem
406 785 584 870 reperimus
598 783 801 867 productam:
823 784 1091 868 phun-dpdan-us
1108 785 1157 857 (R.
1175 784 1236 866 V.),
1259 785 1373 850 multos

252 881 446 948 interficiens
482 883 532 960 (R.
560 881 644 966 phun
672 881 870 960 interficere).
918 880 1144 946 tar-scarus
1178 883 1229 966 (R.
1259 881 1309 961 V.,
1337 883 1372 948 R

251 977 313 1042 tar
333 979 394 1064 ire)
416 981 514 1063 igitur
536 988 568 1046 et
588 984 783 1064 sur-i-srp-us
804 975 956 1064 (Via-S„
978 1001 1034 1064 erp
1049 984 1191 1063 serpere)
1214 980 1373 1045 simillima

252 1077 387 1143 tortasse
408 1078 533 1143 ratione
554 1075 629 1142 ficta
656 1087 739 1142 sunt.
782 1078 822 1142 Id
850 1085 957 1144 autem
980 1078 1066 1160 quud
1087 1080 1199 1160 lingua
1220 1077 1374 1142 sanserita

252 1182 326 1257 pust
347 1195 506 1246 censuras
528 1175 615 1240 solas
637 1177 901 1242 semivocalem
924 1177 1066 1258 praebet,
1089 1195 1206 1257 graeca
1228 1196 1293 1240 non
1314 1175 1373 1239 nisi

252 1278 326 1354 post
347 1272 486 1352 vocales,
510 1271 597 1336 haud
620 1271 665 1335 ita
686 1274 794 1355 magni
816 1275 970 1338 momenti
986 1293 1056 1340 esse
1073 1280 1209 1357 apparet
1229 1272 1255 1337 si
1278 1273 1374 1354 respi-

253 1369 353 1434 cimus
374 1369 493 1435 formas
515 1369 689 1434 nonnullas
711 1369 841 1436 redicas
862 1391 942 1453 quas
957 1391 1051 1438 nemo
1074 1372 1238 1452 hucusque
1253 1369 1374 1434 videtur

252 1466 385 1532 adrem
406 1467 631 1532 illustrandam
652 1468 805 1534 ascivisse
826 1469 972 1549 quamvis
993 1469 1193 1552 aptissimas:
1224 1467 1288 1530 ullu
1310 1467 1377 1550 djut

252 1584 294 1626 nu
323 1565 467 1628 radicum
497 1565 659 1631 intensiva
695 1564 868 1642 duc-idda,
903 1565 1071 1649 dccv-i-djut
1098 1570 1249 1628 nuc-t-nu.
1294 1565 1373 1630 Nam

254 1661 418 1724 duc-idda
460 1667 502 1738 (3.
540 1663 627 1728 dual.
665 1661 893 1743 devince-atus,
938 1671 1018 1746 part.
1055 1662 1252 1742 davides-at,
1297 1663 1372 1746 perf.

254 1759 442 1821 duvidddc-tr
465 1760 502 1824 R.
519 1760 569 1836 V.)
593 1766 695 1824 ortum
718 1768 767 1826 est
789 1760 938 1826 eda-dtu
961 1766 1055 1843 (part.
1072 1759 1259 1823 dd·d}tuc·ut
1274 1761 1310 1824 R.
1328 1761 1372 1837 V.)

252 1856 263 1920 i
279 1857 384 1920 vocali
406 1861 512 1940 postd
537 1864 590 1930 (=
606 1867 655 1926 aut
671 1858 801 1938 inserta,
825 1857 916 1940 cujus
931 1857 1123 1940 diphthongi
1137 1859 1242 1922 altera
1257 1859 1372 1924 vocalis

254 1958 299 2031 (u)
329 1961 443 2037 postca
474 1955 674 2020 semivocalis
702 1955 788 2020 facta
810 1961 868 2020 est.
912 1955 992 2020 Item
1022 1954 1163 2038 ducidjut
1197 1961 1258 2033 (·ut
1285 1963 1370 2038 part,

253 2053 291 2116 R.
307 2053 358 2129 V.)
381 2071 398 2115 e
421 2051 582 2135 *dd-dja,
604 2056 717 2114 naemu
741 2071 759 2117 e
780 2059 862 2115 adca
885 2060 975 2121 l-mus
999 2057 1026 2116 1.
1042 2071 1127 2135 pers.
1146 2053 1205 2135 pl.)
1229 2053 1370 2135 prodivit.

253 2149 349 2214 Unde
383 2150 487 2214 elucet
519 2150 623 2232 legem
655 2151 744 2214 illam
780 2150 997 2218 sanseriticam
1027 2170 1093 2214 non
1122 2169 1249 2232 semper
1280 2151 1369 2216 fuisse

253 2252 370 2312 ratam:
403 2255 609 2328 augmentum
638 2253 745 2312 autem
767 2247 850 2312 illud
872 2245 957 2330 quod
979 2248 1012 2310 in
1035 2248 1145 2329 lingua
1166 2268 1284 2330 graeca
1304 2253 1369 2330 post

253 2345 382 2409 vocales
411 2343 572 2426 simplices
601 2343 688 2408 haud
717 2365 789 2409 raro
817 2344 960 2425 auditur,
995 2344 1122 2410 videtur
1148 2365 1215 2410 non
1244 2347 1367 2410 multum

253 2441 404 2506 recedere
432 2440 474 2504 ab
497 2459 536 2504 ec
558 2439 644 2522 quud
666 2441 699 2504 in
722 2443 833 2524 lingua
855 2442 1010 2508 sanserita
1032 2463 1096 2506 non
1126 2450 1199 2524 pust
1221 2461 1368 2512 consonas

253 2539 373 2620 solum,
415 2537 473 2602 sed
507 2537 580 2620 ¹pust
612 2537 827 2621 diphthongus
860 2558 984 2621 quoque
1018 2546 1128 2604 extare
1157 2539 1304 2606 vidimus.
1332 2577 1367 2584 -

254 2635 347 2715 Quod
362 2654 430 2700 wres
464 2634 621 2718 impedita
654 2635 699 2700 sic
732 2635 819 2701 haud
848 2656 1007 2718 quaquam
1035 2635 1205 2720 expeditur
1232 2657 1284 2702 me
1311 2656 1367 2701 non

253 2733 350 2816 fugit,
389 2751 580 2814 quamquam
609 2732 740 2814 linguae
775 2735 935 2816 geticae
972 2753 1096 2815 quoque
1127 2732 1366 2816 duplicationem

254 2831 398 2898 conferre
420 2830 539 2912 possis:
564 2827 634 2892 tela.
657 2828 781 2910 cai-tet,
805 2829 890 2894 tulta
912 2829 1055 2892 tat-lau.
1100 2830 1225 2896 Pettius
1248 2830 1364 2912 quidem

254 2927 330 3005 (KZ.
365 2930 411 3007 te,
441 2929 492 2994 321
528 2932 620 3009 putat
657 2927 689 2986 ui
723 2927 827 2998 literis
863 2928 999 2993 eandem
1030 2929 1176 3002 vocalem
1206 2927 1365 3010 significari

254 3045 348 3106 quam
377 3024 410 3086 in
440 3043 519 3098 uoce
546 3025 692 3104 puiutnaa
723 3056 763 3075 ==
793 3028 928 3107 γέεννιη
962 3025 1019 3090 sed
1047 3024 1167 3090 adsunt
1195 3025 1366 3090 testimonia

253 3122 382 3203 primae
400 3122 548 3204 syllabae
577 3121 766 3203 productae:
803 3128 867 3202 got.
896 3121 1017 3202 haihait
1045 3123 1129 3188 enim
1157 3123 1244 3188 idem
1270 3131 1315 3188 est
1333 3140 1365 3185 ac

253 3219 469 3302 palaecgerm.
497 3218 586 3295 taz,
618 3217 725 3298 luisci
749 3219 769 3282 i.
793 3239 823 3300 q.
846 3217 963 3300 siunt,
998 3238 1079 3300 quae
1102 3238 1120 3283 e
1142 3219 1252 3285 formis
1274 3219 1364 3304 dupli·

253 3318 348 3396 catis,
387 3317 448 3382 etsi
476 3337 541 3380 nun
569 3315 699 3397 geticis,
738 3324 807 3380 orta
836 3325 918 3381 sunt.
962 3314 1057 3398 Apud
1081 3316 1242 3382 Kercnem
1269 3324 1363 3381 autem
1396 3357 1401 3361 -

254 3413 359 3492 (Graii
378 3418 408 3492 4,
432 3415 505 3488 898)
537 3413 654 3495 legitur
686 3411 871 3496 (pi-tdei-ult
892 3413 1064 3492 [(be)}tielt]‚
1100 3413 1186 3495 qnod
1214 3415 1297 3479 idem
1323 3416 1363 3476 est

252 3530 291 3574 ac
312 3518 376 3592 got.
399 3509 550 3581 dui-dala·
578 3511 610 3572 ei
635 3517 741 3576 autem
763 3509 864 3574 literis
892 3529 1019 3593 semper
1041 3509 1260 3593 diphthongus
1280 3507 1362 3592 signi·

253 3606 363 3672 ficetur
378 3609 411 3672 in
426 3608 537 3690 lingua
553 3607 863 3689 palaeogermanica.
889 3606 995 3684 Quare
1011 3607 1051 3672 sit
1066 3609 1162 3672 venia
1176 3605 1359 3692 aequationi:

253 3709 317 3784 get.
353 3703 488 3765 taitult:
532 3723 608 3786 p.·g.
645 3703 742 3766 teian
778 3736 818 3756 -τ
854 3712 918 3786 get
953 3703 1064 3766 huid-s:
1111 3725 1188 3788 p.·g.
1226 3705 1292 3768 leit
1325 3735 1359 3748 -

255 3849 459 3858 ι--ι--ι-ι--ω--ι

186 4005 189 4009 .
323 3927 342 3992 ⁹)
361 3927 390 3981 Si
406 3935 479 3986 recte
497 3932 637 4000 dispunxit
653 3933 697 3989 F.²
712 3940 744 3990 36
762 3949 848 4002 neque
866 3933 1035 3989 scribendum
1052 3931 1105 3987 fuit
1122 3935 1293 4003 tata-tutdja
1309 3935 1357 3994 etc,

253 4007 289 4064 ef.
305 4011 516 4078 gdurcgdurdju
535 4013 681 4080 dilukildju
701 4012 877 4080 krelrakudub'a
894 4015 1093 4080 multamulrdja.
1223 4023 1224 4026 ’
