2972 4868
445 413 478 468 de
496 412 708 482 reduplicatioue
724 427 830 481 graeca.
1004 449 1006 456 ›
1133 409 1191 472 301

75 584 187 669 jo-pur
218 583 484 666 δει-ὁίσσο-μαι,
523 583 668 668 ejusdem
703 585 877 668 perfeetum
908 582 1096 669 cia-djota-cr
1126 583 1196 650 δεί-

83 682 189 748 δοικ-α
212 684 261 760 (ui.
284 682 485 758 latam-o).

158 780 362 864 Reliquorum
378 788 483 846 autem
505 778 734 862 (derdtoaopar
751 777 938 862 datdeyporl
959 780 1095 846 eandem
1111 779 1194 845 radi·

81 899 141 944 tem
164 899 236 945 ease
255 885 351 962 atque
374 877 544 960 δείκ-νυμι
565 875 805 959 ’ὂεικ-ανάομαι
834 879 1002 944 verborum
1021 878 1090 961 jam
1114 877 1195 942 vidit

79 977 188 1042 Bnttm.
212 979 250 1042 A.
273 976 328 1042 Gr.
351 977 408 1054 11²,
436 980 505 1040 144.
550 975 690 1054 Quorum
718 974 812 1040 radix
842 981 890 1040 eat
921 975 990 1053 δικ,
1018 974 1104 1040 unde
1127 973 1195 1058 djra

80 1093 114 1139 ea
140 1075 262 1140 ratione
290 1073 411 1157 prodiit
440 1093 534 1155 quam
564 1074 660 1140 modo
694 1073 906 1156 exposuimus.
952 1072 1195 1155 Aaudloaopor

78 1171 166 1254 igitur
187 1191 206 1237 e
228 1170 513 1255 ‹ia-‹ijra-eao-por
534 1171 653 1236 laetum
676 1177 739 1248 est;
764 1169 974 1254 δεί-ὂεγ-μαι
996 1178 1102 1238 'autem
1124 1191 1195 1254 per·

78 1268 145 1334 loeti
173 1269 255 1336 haee
283 1277 332 1336 est
358 1270 457 1334 ratio:
494 1268 658 1335 eradieis
694 1266 763 1352 ‹ljrn
795 1268 935 1351 perfeeto
970 1266 1195 1352 ‹la-ejay-par

78 1365 147 1450 (tur
160 1365 385 1450 λέ-λειμ-μαι)
408 1367 574 1450 epentbeei
597 1366 716 1451 prodiit
738 1363 972 1450 ὁθι-ὁειγ-μαι,
996 1366 1071 1432 inde
1086 1373 1194 1432 aulem

79 1463 247 1546 δείόεγμαι
270 1485 309 1530 ea
330 1466 448 1548 longae
470 1464 590 1529 voealie
614 1470 646 1530 et
661 1463 852 1547 diphthongi
874 1464 1099 1547 praecedentis
1121 1484 1194 1529 eon-

77 1582 165 1628 sunas
179 1562 281 1647 ¹binae
302 1564 518 1646 correptione,
550 1581 645 1643 quam
668 1561 822 1627 exhibent
843 1567 900 1626 att.
924 1559 1033 1642 ἕζετο,
1064 1560 1193 1647 ἑλληνί-

78 1664 206 1746 σθησαν
239 1658 287 1742 (O.
312 1659 406 1726 Verb.
430 1660 461 1738 I,
489 1658 578 1741 136),
611 1660 715 1745 κῆρυξ
737 1657 898 1746 κήρῦκος;
927 1659 1012 1723 bom.
1036 1663 1192 1723 κέ-σκθτο

76 1758 108 1822 R.
131 1755 346 1842 ar(aal-par),
369 1759 432 1824 iou.
456 1754 636 1838 ἀπόδεξις,
661 1753 781 1837 inemo,
805 1760 967 1841 κρέσσων,
991 1755 1109 1836 μέζων.

153 1856 246 1922 Neve
274 1859 315 1922 eit
339 1858 393 1938 qui
421 1863 512 1942 putet
539 1876 610 1922 oum
634 1855 798 1922 Gerlando
827 1877 858 1938 p.
886 1857 944 1920 185
979 1852 1194 1935 ᾶειόίσκομαι

76 1972 112 2017 ex
134 1951 337 2035 ὃεὸίσκομαι
359 1973 399 2020 ea
415 1979 426 2018 ι
443 1954 548 2044 voeali
569 1955 690 2020 inserta
711 1952 801 2020 nasei
823 1951 966 2035 putuisse
986 1971 1081 2034 quam
1105 1971 1195 2035 prae-

75 2050 147 2117 bent
169 2049 376 2131 δαί-ὁαλ-ος,
399 2049 581 2134 μαι-μά-ω.
614 2051 698 2116 Nam
722 2070 817 2133 quam
840 2050 921 2116 mire
943 2050 1054 2132 lingua
1076 2050 1195 2133 egisset

76 2149 99 2212 si
120 2172 134 2212 o
157 2150 305 2216 voealem
333 2150 376 2214 ad
405 2149 538 2234 perteeti
568 2148 662 2213 ritum
692 2154 891 2214 attenuatam
918 2167 1027 2214 rursus
1052 2147 1196 2214 auxisset

75 2247 260 2326 gravissimo
282 2247 316 2311 in
338 2248 489 2313 universa
512 2246 731 2329 duplicatione
752 2246 940 2328 augmento!
978 2279 1021 2290 —
1057 2245 1146 2324 Quae
1168 2247 1195 2312 ai

76 2351 155 2408 reete
178 2343 429 2426 disputavimus,

154 2427 363 2515 κω-κῦ-ω,
402 2441 575 2521 lamentor,
613 2461 679 2506 non
706 2438 792 2506 idem
814 2446 863 2504 est
890 2458 929 2504 ae
956 2459 1015 2504 sor.
1038 2437 1194 2522 lto-lod-jo,

76 2538 154 2619 quod
177 2537 310 2604 Fiekiue
333 2538 402 2602 vult
423 2558 454 2620 p.
479 2541 534 2616 44,
563 2561 589 2602 ω
611 2538 747 2604 tortasse
769 2556 809 2602 ea
831 2537 955 2601 ratione
976 2542 1084 2601 uatum
1108 2543 1195 2602 ratus

75 2655 164 2716 quam
188 2635 398 2720 suppeditant
419 2641 553 2716 μώ-μος
569 2633 680 2718 (μοθ)
697 2639 800 2698 ortum
818 2653 859 2698 ex
876 2634 913 2698 R.
937 2657 980 2713 μυ
997 2628 1193 2716 (eistad-prov),

76 2731 197 2815 ζω-μός
213 2732 315 2812 (ζωὴ)
332 2753 372 2799 ex
387 2734 424 2796 R.
442 2730 477 2810 ζυ
495 2729 594 2815 (ja-r)
610 2731 663 2797 vel
679 2727 807 2816 φεόσκω
824 2726 913 2814 (ὁια-
928 2729 1047 2796 Herod.
1063 2731 1122 2810 Ill,
1140 2730 1195 2815 86)

74 2829 92 2893 i.
115 2851 143 2913 q.
173 2828 324 2918 φαύσκω.
369 2830 453 2894 Nam
484 2829 629 2911 quamvis
657 2828 820 2910 utriusque
848 2827 937 2893 verbi
967 2827 1008 2890 lta
1030 2828 1123 2892 radix
1144 2828 1195 2909 eit,

76 2925 299 3012 duplicationis
320 2928 401 2994 ratio
424 2933 474 2992 est
495 2926 638 2992 diversa:
662 2933 711 2992 eet
734 2925 818 2992 enim
835 2950 860 2989 ω
879 2924 961 2990 illud
983 2925 1087 2992 simile
1109 2927 1197 2991 voois

75 3024 165 3105 κό·χυ
190 3047 207 3090 ο
232 3024 338 3090 voeali
359 3045 416 3108 pro
437 3048 456 3087 o
473 3022 727 3090 dissimilationie
749 3041 846 3088 eausa
868 3029 1049 3104 usurpatae,
1073 3023 1131 3090 aed
1153 3022 1196 3088 ad

61 3123 300 3208 'duplieationis
322 3122 387 3186 vim
409 3120 592 3204 aagendam
615 3119 805 3203 produotum
835 3116 887 3204 (el.
911 3139 969 3186 eor.
992 3121 1030 3184 R.
1054 3129 1102 3202 to,
1129 3141 1194 3186 aor.

74 3231 188 3288 causat.
206 3225 326 3292 tol-trid,
349 3241 411 3303 pur
428 3222 628 3304 purpurante
650 3219 687 3284 R.
705 3217 769 3301 V.).
807 3216 902 3284 Unde
922 3213 1067 3292 κωκυτός
1091 3218 1196 3282 luctus

75 3326 104 3383 et
125 3318 296 3398 Κώκυτος,
321 3313 359 3394 ὃς
383 3315 423 3405 δὴ
448 3315 573 3401 Στυγὸς
596 3313 720 3392 ὕδατός
742 3313 834 3382 ἐστιν
858 3310 1018 3398 ἀποῤῥώξ
1039 3337 1057 3376 κ
1081 3318 1153 3378 514.

156 3413 335 3504 νη-νέ-ιὺ
359 3411 624 3500 (ἐπ·ε-νή-νε-ον
640 3409 913 3498 παρ·ε-νή-νε-,ον
930 3411 1033 3491 Hem,
1050 3411 1110 3494 Ap.
1123 3412 1195 3492 Rb,

75 3512 109 3592 Q.
132 3513 213 3599 Sm.)
239 3520 287 3579 eet
308 3513 395 3578 idem
418 3512 503 3595 quod
525 3516 590 3578 νέω
618 3508 783 3595 (rumulo).
828 3508 953 3588 Quoia
975 3507 1074 3572 verbo
1097 3507 1197 3574 edito-

74 3631 140 3677 rum
168 3613 278 3678 nullus
313 3617 439 3676 eeoutus
473 3617 520 3674 est
550 3602 752 3688 Belrkerum,
785 3606 844 3690 'qni
873 3604 950 3684 tw,
988 3604 1195 3692 παρ-ενήεον

75 3711 198 3794 scripsit
226 3713 354 3792 praeter
383 3707 604 3773 auctoritatem
631 3706 784 3771 librorum
813 3709 845 3770 et
872 3709 1037 3788 poetarum
1067 3703 1198 3768 alexan-

76 3805 246 3872 drinorum.
872 3821 875 3828 ⁴

156 3903 289 3968 Praeter
304 3901 367 3966 due
383 3902 463 3966 haee
477 3901 577 3966 verba
591 3899 680 3966 aliud
695 3899 818 3967 nullum
842 3902 931 3964 extat
952 3895 1035 3978 quod
1059 3897 1197 3980 priorem

76 3999 234 4084 syllabam
263 3999 413 4066 exhibeat
441 3998 649 4081 produetione
678 4002 812 4078 anetam,
842 4013 917 4062 nam
946 3995 986 4060 de
1015 3993 1197 4081 Ληλάντου
