2972 4868
445 464 477 518 de
494 463 709 532 reduplicationc
726 480 831 533 graeco.
900 513 901 518 ,
1137 465 1198 532 293

76 637 112 700 R.
133 614 352 722 apparet'aao
383 635 436 722 (of.
458 636 665 703 vernaculum
686 637 819 718 dcl-loa,
849 657 908 704 scr.
930 636 1089 703 tor-lurra·
1110 641 1196 723 quod

75 733 198 798 videtur
221 736 325 820 lyram
348 734 553 819 significare.)

156 852 390 934 Κέρ·κῦρ-α
413 857 446 916 et
468 847 670 933 Κόρ-κορ-α,
694 850 739 922 R„
754 873 823 931 κορ,
847 849 916 928 avt,
940 849 1025 914 unde
1048 854 1193 934 κορ-τός,

74 942 234 1024 κύ-κλ-ος,
257 947 363 1013 insuia
385 949 529 1012 rotunda.
553 981 595 994 -
618 943 664 1010 Of.
688 945 851 1033 Κορ-ήνη.

154 1059 426 1146 κορ-κόρ-ας·
451 1060 553 1146 ὅρνις.
584 1065 750 1145 Περγαῑοι
768 1051 869 1140 (He's.)
892 1081 955 1127 vox
977 1062 1113 1129 fortasse
1129 1083 1215 1130 non'

71 1175 193 1238 graeca.
217 1194 260 1204 -
282 1159 349 1224 Sor.
372 1158 511 1222 irrotare
534 1157 671 1242 (perdix)
688 1165 742 1222 aut
765 1177 805 1224 ex
826 1155 992 1221 *ΙεονΙεονο
1014 1167 1123 1225 natum
1146 1168 1195 1228 est

74 1274 91 1312 r
111 1273 271 1321 consonae
293 1257 463 1322 metathesi
489 1257 539 1332 (ci.
563 1256 719 1339 palaeosi.
743 1254 908 1338 lrlo-lrolot,
931 1257 1116 1340 ρΙο-ροὶ-ἰίὶ)
1139 1264 1195 1324 aut

75 1359 119 1416 est
140 1351 258 1419 radicis
285 1353 397 1437 lero-lc,
431 1378 528 1439 κρε-κ
553 1355 582 1434 ξ.
606 1353 675 1418 5Β.
710 1351 955 1438 κερ-κόρ-ωνος
981 1374 1099 1420 nomen
1122 1356 1193 1422 avis

71 1446 203 1515 indicae.

153 1546 440 1634 κορ-κορ-ογή
465 1549 615 1631 strepitus
636 1547 772 1614 bellicus
796 1547 848 1632 (ei.
873 1546 1050 1636 κορ-ὖγης·
1077 1553 1192 1638 κῆρυξ.

72 1645 213 1726 Δωριεῖς
227 1643 330 1729 Hcs),
356 1644 631 1732 ὁιακορκορογεῑν
654 1651 840 1730 usurpatum
860 1646 901 1712 de
916 1647 1038 1730 crepitu
1059 1649 1192 1716 ventris.

72 1736 278 1824 κόρ-κορ-ος·
316 1737 408 1819 εἶδος
438 1740 572 1824 ἴχθύος,
610 1743 647 1807 et·
678 1742 872 1830 πεπραδίλη
909 1743 1003 1822 (infra
1032 1747 1060 1826 ξ.
1085 1749 1103 1812 3
1131 1746 1192 1824 R).

74 1837 172 1904 Etiam
206 1857 266 1903 ser.
296 1837 457 1903 dur-trum
489 1847 520 1906 et
552 1841 707 1924 palaeosi.
736 1839 906 1921 lrlo-lrol-d,
941 1843 987 1906 lit.
1015 1841 1193 1906 trun-Iratus

14 1929 15 1964 ³
72 1951 225 2017 campana
248 1933 316 2019 (Ν
332 1937 387 2020 36)
409 1938 471 2002 huc
493 1937 605 2019 refero,
623 1939 682 2004 'vei
705 1939 810 2022 potius
828 1939 871 2004 ad
894 1939 1002 2004 omnia
1024 1959 1107 2022 quae
1130 1941 1192 2007 huc

73 2032 244 2110 pertinent:
267 2054 341 2098 nam
365 2041 397 2100 et
420 2040 590 2121 καρκαίρω
615 2041 647 2100 et
668 2033 833 2122 κορκόρας
849 2038 1020 2119 etreliqua
1041 2038 1193 2103 videntur

14 2151 16 2160 ’
73 2126 135 2208 ejus
157 2126 276 2195 radicis
297 2129 356 2192 dor
379 2151 449 2198 esse
472 2131 513 2198 de
536 2151 599 2215 qua
622 2131 763 2199 dicemus
785 2154 810 2200 s.
834 2153 864 2198 v.
890 2139 982 2218 κρίκε
1006 2137 1036 2214 ᾗ.
1061 2139 1079 2200 5
1102 2135 1140 2201 Β.

150 2250 400 2338 κόρ-χορ-ος
420 2255 616 2338 tTheophr.)‚
633 2256 745 2340 planta
761 2255 929 2339 quaedam,
945 2258 999 2322 Ar.
1018 2257 1113 2340 Vesp.
1128 2261 1190 2323 239

73 2344 246 2434 κόρκορος;
280 2357 446 2434 utramque
478 2351 612 2418 formam
646 2353 721 2418 Hes.
755 2353 894 2418 exhibet.
946 2354 1034 2420 Bene
1068 2357 1191 2420 monuit

14 2439 16 2532 †
72 2441 119 2505 lid
142 2450 222 2511 1058
247 2447 333 2530 quod
355 2448 500 2531 ejusdem
522 2451 655 2532 plantae
683 2469 785 2531 genus
813 2451 975 2532 quoddam
1007 2449 1190 2535 (corchorus

71 2540 221 2626 clitorius)
238 2545 393 2612 sanscrite
408 2554 540 2612 vocatur
554 2545 858 2630 tuditano-potrum
877 2547 1049 2632 (ΙοοΙεΙεΙιορο
1066 2550 1188 2623 (durus)

14 2711 15 2720 ρ
73 2667 107 2688 -=
121 2637 299 2714 leur-lcar-a,
321 2652 417 2726 patro
432 2676 473 2696 =
490 2644 659 2730 πέταλον),
683 2643 768 2709 unde
785 2643 889 2710 elucet
903 2645 1049 2728 plantam
1064 2667 1084 2712 a
1101 2646 1189 2713 duris

15 2809 16 2814 ρ
70 2731 147 2804 toliis
167 2758 286 2805 nomen
308 2741 471 2823 accepisse
494 2741 547 2824 (ct.
571 2739 739 2827 κάρκαρος
762 2739 953 2828 κάρχαρος).

14 2909 16 2938 ζ
149 2851 411 2939 rude-auom·
444 2853 582 2941 λαμπρά
611 2855 686 2922 Hes.
722 2856 760 2920 R.
783 2880 867 2938 μαρ,
898 2856 937 2922 cf.
960 2861 1082 2943 Μαῖρα
1112 2858 1132 2922 i.
1157 2879 1187 2942 q.

72 2949 206 3032 Σείριος.
251 2950 384 3016 Accedit
405 2949 639 3036 μαρμάραι·
674 2950 710 3015 αἱ
736 2958 784 3038 τῴ
812 2950 1034 3039 ἐροθροόάνῳ
1057 2959 1187 3038 βεβαμ-

14 3087 15 3090 *
70 3048 169 3120 μένοι.
213 3047 309 3115 Unde
337 3069 456 3114 nomen
477 3070 615 3112 marmor
637 3051 776 3134 aceepit,
805 3049 997 3134 μάρμαρος,
1022 3072 1086 3134 qua
1108 3073 1187 3120 voce

73 3137 218 3210 Homerus
234 3145 363 3227 quidem
378 3166 529 3228 magnum
545 3147 699 3230 cujusque
713 3147 840 3230 generis
862 3147 1004 3232 lapidem
1019 3150 1186 3234 significat,

72 3238 176 3321 reliqui
198 3251 305 3308 autem
320 3240 380 3328 τὴν
396 3241 517 3331 λευκὴν
539 3246 639 3310 λίθον
663 3242 778 3329 (Hes).
809 3243 992 3330 Propagata
1014 3255 1088 3314 sunt
1110 3248 1187 3315 inde

71 3344 258 3422 raucisona,
281 3337 522 3424 μαρμαρύσσω,
546 3341 756 3430 carracci-
1021 3399 1024 3406 ,

148 3459 382 3538 μέρ-μερ·α
405 3452 486 3540 ἔργα
515 3457 535 3520 i.
560 3477 587 3523 c.
614 3456 797 3543 φροντίδος
820 3455 898 3538 ἄξια
932 3458 1048 3537 (Hes),
1082 3459 1187 3524 πολυ·

71 3550 279 3635 μέρ-μερ-ον·
302 3549 551 3636 πολομέριμνον
574 3553 629 3635 id,
662 3559 853 3641 μέρ·μηρ-α
875 3573 952 3620 cura
973 3561 1047 3621 sunt
1068 3555 1186 3622 radicis
1307 3572 1310 3578 '

72 3663 144 3727 μερ,
175 3647 261 3714 unde
290 3669 432 3731 ane-mor,
466 3656 637 3732 μέρ-ιμνα.
682 3651 797 3718 Activo
826 3653 987 3718 autemut
1017 3657 1186 3738 μέρμερος

72 3743 167 3810 estid
189 3747 274 3831 quod
294 3756 494 3834 πανοῦργος,
520 3748 559 3813 ct.
582 3752 834 3834 μορ-μηρ-ικοί·
857 3747 890 3812 οἱ
912 3754 1074 3833 mecaenat
1096 3750 1183 3831 Hes,

75 3837 150 3904 unde
170 3843 304 3912 tortasse
318 3851 501 3930 Μέρμερος
523 3845 705 3929 appellatus
727 3851 776 3910 est
797 3843 837 3908 Ili
859 3850 952 3928 peter
972 3843 1009 3929 (c
1032 3845 1109 3930 259)
1133 3849 1183 3927 [ct.

74 3931 216 4022 Μάρμαξ
236 3963 266 4026 p.
291 3947 373 4022 298].
420 3948 594 4028 μερμαίρω
625 3940 737 4026 (Orph.
761 3942 837 4024 Arg.
861 3939 938 4025 766)
966 3943 1028 4008 nisi
1051 3945 1185 4030 abipso

75 4041 161 4107 rocta
183 4037 287 4105 dotum
310 4041 473 4122 antiquam
489 4039 607 4105 radicis
628 4039 757 4105 formam
785 4038 837 4121 (ct.
853 4036 1012 4124 μάρ-τος)
1034 4044 1187 4110 servavit.

122 4131 248 4186 Curtius,
269 4141 359 4181 Studien
373 4141 411 4180 VI.
947 4143 978 4191 20

268 4414 278 4448 t
