2958 4868
494 435 536 490 De
553 435 667 492 dieetusi
684 436 828 492 homerica.
1165 433 1224 494 155

120 635 122 640 ·
190 607 242 672 Ad
274 607 410 673 alterum
443 613 550 674 autem
579 607 727 674 (lorsseni
759 613 982 691 argumentum
1010 608 1091 674 base
1121 607 1227 676 habeo

111 725 187 788 quae
223 705 445 789 respondeam.
490 706 628 770 Primum
666 725 736 770 cum
766 704 807 772 de
836 705 958 788 origine
986 706 1155 772 verborum
1192 705 1227 770 in

111 825 175 867 -urc
195 809 309 888 agatur
331 803 608 886 examineturque,
637 823 715 868 num
737 810 772 868 ut
796 823 912 886 graeca
933 803 967 867 in
988 825 1056 866 -αω
1079 823 1098 869 s
1119 802 1227 869 verbis

108 902 140 965 in
160 901 273 986 -cpiimi
292 901 482 968 exeuntibus
504 900 690 984 prodierint,
713 921 778 966 nou
794 901 897 968 solum
912 900 1081 966 verborum
1095 901 1129 966 in
1148 923 1227 976 -αω,

109 998 164 1064 sed
186 998 283 1065 etiam
304 999 473 1064 verborum
495 999 529 1063 iu
551 1015 631 1076 -evu;
659 1023 734 1076 -ow,
765 997 861 1077 -αζω,
890 997 984 1077 -acu,
1012 996 1101 1076 -ιζω,
1131 997 1226 1080 -οζω,

108 1119 194 1175 -αιω,
217 1119 305 1176 -ιιω,
328 1119 418 1174 -οιω,
441 1115 524 1178 quae
540 1096 648 1162 omnia
662 1115 702 1161 ex
722 1095 835 1162 eodem
856 1095 945 1162 fonte
964 1095 1123 1178 fluxerint,
1146 1095 1228 1160 ratio

108 1193 255 1276 habenda
288 1200 347 1259 est.
399 1195 442 1260 Idt
476 1193 503 1260 si
536 1194 738 1260 inveniemus
772 1193 950 1260 istiusmodi
985 1193 1101 1276 verbu,
1145 1211 1228 1276 quae

108 1292 200 1356 etiam
223 1293 265 1357 ab
288 1290 402 1358 eadem
425 1291 525 1374 stirpe
547 1291 693 1358 derivata
715 1291 779 1356 sint
806 1311 845 1357 ac
872 1291 975 1357 latina
999 1292 1033 1356 in
1061 1311 1145 1368 -ure,
1178 1290 1228 1356 his

107 1409 228 1472 quoque
252 1389 537 1470 demonstrabitur,
567 1389 702 1454 latinum
724 1409 776 1453 -co
799 1408 840 1456 ex
861 1389 974 1474 -ajrmi
994 1388 1149 1472 originem
1172 1387 1228 1454 du-

107 1505 184 1554 cere.
228 1487 335 1569 Atque
363 1485 450 1552 baud
479 1505 584 1570 pauca
611 1493 685 1552 sunt
719 1488 820 1553 verba
847 1488 950 1553 latina
982 1487 1016 1551 in
1044 1507 1111 1568 -oo,
1146 1503 1229 1568 quae

107 1586 227 1668 graecis
248 1585 340 1650 initio
362 1584 396 1648 in
418 1583 531 1668 -ojdmi
553 1583 774 1650 desinentibus
803 1584 900 1650 etiam
929 1605 950 1650 a
972 1584 1070 1668 stirpe
1098 1602 1229 1666 respon·

107 1682 211 1750 deant.
257 1680 443 1765 (iujusmodi
472 1682 508 1746 L.
540 1682 689 1766 Meyerus
717 1682 766 1760 Il,
790 1686 809 1745 5
834 1702 903 1764 sqq.
939 1688 1067 1765 praeter
1103 1679 1227 1752 bonore,

107 1801 243 1852 comare,
279 1799 404 1851 cocere,
444 1798 527 1862 quae
554 1779 642 1844 haud
664 1779 730 1844 scio
752 1799 796 1844 an
818 1778 1008 1846 Oorssenius
1029 1777 1229 1844 immeritos

106 1896 217 1959 graeco
241 1897 389 1944 sermone
404 1877 562 1943 translata
576 1875 779 1959 existimet⁸),
802 1877 883 1942 haee
897 1877 1007 1942 efforts
1031 1896 1108 1938 orco
1125 1870 1228 1960 ἅρόω,

108 1976 192 2038 culeo
214 1974 335 2054 καλέω,
358 1976 456 2037 lusco
471 1971 590 2055 λοξόω,
614 1974 696 2056 lr'pco
712 1971 821 2056 λυγόιιι
838 1973 994 2058 (leptim),
1017 1993 1116 2036 cocco
1132 1970 1228 2038 νεὸω.

187 2071 313 2151 Quibus
334 2069 488 2136 addenda
510 2078 594 2154 sunt,
618 2091 701 2154 quae
722 2071 810 2137 facili
831 2071 961 2155 negotio
983 2071 1104 2148 inveni,
1126 2070 1173 2136 ita
1195 2077 1230 2136 ut
1295 2075 1298 2082 ’

105 2189 166 2234 non
188 2169 349 2248 dubitem,
379 2168 456 2251 quin
478 2167 665 2250 diligentius
686 2169 900 2252 perscrutanti
922 2169 1019 2236 etiam
1041 2169 1107 2234 alia
1127 2169 1230 2234 multa

106 2273 285 2332 occurrant:
308 2269 372 2329 z'tno
396 2263 504 2329 *ἰτάω
528 2263 675 2352 (ἰτητέον
690 2267 745 2331 Ar.
761 2266 846 2332 Nub.
865 2270 935 2348 131,
959 2265 1128 2353 ἐξιτητέον
1144 2267 1227 2332 Xen.

106 2363 196 2430 Mem.
219 2364 252 2446 I,
279 2369 312 2446 1,
338 2369 405 2446 14),
443 2363 522 2426 lituo
552 2361 735 2446 λοιβάομαι
757 2359 1100 2449 Ηθεγοίι.“(λιβάζω),
1139 2364 1229 2427 dican
1304 2427 1307 2436 ,

106 2461 230 2542 δικάζω
239 2511 248 2540 ,
282 2461 378 2545 ¹seluo
411 2457 568 2546 θηλάζει),
606 2461 718 2524 turbon
747 2459 917 2545 τυρβάζω,
954 2481 1074 2544 praeco
1104 2465 1229 2544 βαρέω,
1303 2496 1305 2500 -

101 2560 189 2641 pisso
222 2559 381 2644 πιέζωθ),
411 2558 514 2641 jupon
544 2555 650 2640 ζυγόω
680 2558 825 2642 (Cayco),
863 2559 952 2621 leoco
976 2556 1094 2636 λειόω,
1132 2559 1230 2640 i-pac-

170 2833 190 2894 8)
219 2831 315 2882 locare
337 2843 392 2884 non
410 2843 470 2884 esse
487 2828 649 2882 translatum
670 2842 703 2882 eo
725 2817 867 2896 probabile
884 2826 929 2894 fit,
950 2826 1022 2896 quod
1040 2826 1122 2880 etiam
1140 2828 1230 2880 bo-ers

106 2913 261 2980 usurpatur.
302 2908 478 2964 Auirechtius
496 2907 529 2961 K:
548 2907 577 2960 Z.
596 2908 616 2976 Ι,
637 2911 685 2962 190
704 2923 743 2976 sq.
769 2913 796 2961 et
819 2907 887 2961 haec
909 2907 991 2960 verba
1014 2909 1041 2960 et
1063 2921 1161 2975 graeca
1186 2922 1228 2961 re-

106 2989 266 3060 spondentia
283 2987 319 3042 ad
335 2989 393 3042 rad.
410 3007 460 3055 gu-
478 2986 601 3054 revocat,
627 2989 666 3042 ita
687 2991 719 3042 nt
739 2987 810 3042 inter
827 2985 902 3055 βοάω
921 2991 948 3042 et
965 2985 1041 3055 γοάω
1059 2987 1136 3040 initio
1155 2987 1230 3041 nulla

105 3071 257 3126 differentia
273 3069 463 3124 intercesserit.
500 3069 540 3123 cf.
560 3068 634 3123 Ourt.
652 3069 696 3124 El.
715 3069 760 3123 Et
782 3073 840 3124 435.
868 3085 963 3121 cacare
980 3067 1123 3138 quominus
1140 3073 1230 3122 trans-

105 3149 188 3206 latum
205 3153 341 3220 putemus,
359 3150 532 3204 multitudine
549 3149 731 3205 derivatorum
748 3149 915 3220 impedimur,
940 3149 1015 3204 Onrt.
1037 3152 1093 3202 13³.

173 3233 193 3298 ⁹)
213 3231 311 3286 Fickio
330 3230 406 3299 „ng
425 3230 506 3284 Wb.“
528 3234 574 3282 125
594 3230 640 3293 (cf.
660 3235 736 3295 995),
755 3230 802 3298 qui
818 3230 900 3290 πιέζω
919 3245 933 3285 e
952 3227 1122 3294 *nuc-ad-jor
1142 3233 1231 3283 ertum

106 3312 252 3376 existimat,
269 3310 430 3379 adstipulari
439 3327 493 3366 non
509 3327 628 3379 possum,
646 3311 736 3380 quiae
751 3312 847 3379 *pu-d
862 3309 908 3364 illo
927 3316 988 3374 (scr.
1000 3311 1143 3379 pidujnmt)
1162 3325 1230 3376 quo·

107 3392 185 3448 modo
204 3393 306 3460 *pisan
319 3391 376 3456 fiat,
394 3408 449 3445 non
466 3391 629 3460 intellegitur
643 3397 725 3460 atque
742 3391 902 3461 praesertim
919 3391 1111 3459 quiaeiormis
1121 3405 1230 3457 πεπιεγ·

106 3474 201 3538 μένος,
226 3472 311 3531 πίεξις
327 3471 362 3525 al.
381 3477 507 3541 apparat,
532 3471 560 3524 in
583 3473 664 3533 πιέζω
682 3472 772 3540 priore
789 3474 941 3542 temporej
957 3472 1074 3540 viguisse
1091 3469 1136 3534 tei.
1156 3469 1230 3524 curt.

107 3553 149 3607 El.
166 3553 214 3608 Et.
228 3555 298 3617 561).
334 3551 404 3606 Nam
422 3567 485 3606 vera
502 3555 530 3606 et
547 3552 663 3620 pristina
675 3553 700 3618 d,
718 3554 838 3622 exceptis
856 3552 1016 3620 quibusdam
1033 3550 1109 3607 verbi
1126 3549 1230 3610 καθίζω

107 3633 208 3700 formis,
232 3647 301 3701 qnae
324 3632 397 3702 apud
414 3631 553 3688 bucolicus
576 3633 711 3702 leguntur,
736 3633 766 3688 in
788 3631 952 3701 gutturalem
975 3648 1030 3686 nou
1052 3632 1118 3688 abit.
1148 3631 1230 3692 πιέζοι

109 3713 187 3781 igitur
204 3729 220 3768 e
237 3714 386 3780 *pisujumi
402 3711 504 3766 factum
523 3715 571 3766 est.
607 3713 651 3766 Ex
669 3713 794 3781 analogia
812 3717 963 3768 ceterorum
981 3728 1004 3766 e.
1023 3729 1047 3781 g.
1066 3706 1141 3767 verbi
1158 3732 1230 3783 φορ-

109 3791 170 3854 τίζω
189 3810 239 3864 pno
257 3795 405 3862 *eccepto
430 3791 559 3855 (Grassm.
578 3793 611 3847 Κ.
629 3793 660 3847 Ζ.
678 3793 726 3858 ΧΙ,
745 3797 787 3857 96)
805 3808 822 3846 a
839 3793 975 3847 substent.
995 3793 1102 3863 φόρτος
1119 3794 1230 3850 derivati

108 3873 319 3944 exspectandum
338 3878 404 3940 erat,
428 3888 445 3928 a
463 3876 566 3932 *πισος
582 3873 728 3929 formatum
745 3875 846 3940 *ntp'o
864 3873 945 3942 idque
968 3875 1000 3927 in
1015 3875 1117 3934 *πιιζω
1141 3880 1230 3930 muts-

109 3957 165 4009 tum
189 3955 234 4024 iri,
261 3954 310 4010 sed
334 3954 547 4010 dissimulatione
571 3954 612 4008 vel
636 3954 727 4023 potius
753 3953 963 4008 assimulationis
990 3953 1099 4012 lasudio
1127 3957 1229 4023 *ntp'u

110 4035 219 4090 obiitin
235 4035 317 4096 πιέζω
336 4035 384 4102 (cf.
403 4039 517 4089 sociatas
534 4050 583 4105 pro
601 4039 730 4100 saclitas).
765 4034 884 4090 Doricae
901 4034 978 4116 (Ahr.
992 4039 1050 4095 116,
1068 4039 1097 4090 et
1114 4035 1231 4105 vulgetis
