2954 4866
450 420 491 474 De
508 421 622 478 dieotasi
638 422 781 478 homerica.
1114 421 1173 484 183

144 593 223 658 Nam
246 592 301 675 qui
315 591 452 658 Iliadem
468 599 500 660 et
515 591 750 678 odysseam-
765 599 800 685 ut
822 594 867 660 ita
889 592 993 660 dinam
1017 631 1056 642 -
1079 595 1174 680 primi

67 696 285 756 oontmmernnt
306 691 360 756 vel
388 692 494 773 potius
522 691 615 774 primi
637 691 765 774 singula
786 691 929 758 earmina
951 693 1172 774 uendiderunt,

67 789 215 870 equibus
246 795 360 872 postea
394 787 456 853 duo
484 789 542 853 illa
569 807 688 870 magna
715 789 857 856 earmina
885 791 1062 875 nomposita
1083 799 1172 874 sunt,

66 887 126 952 sine
154 885 249 950 dubio
278 899 317 952 ea
345 885 457 968 lingua
485 887 533 952 usi
555 891 645 966 sunt,
679 905 742 968 qua
762 893 829 954 tum
851 907 962 954 omnes
990 888 1172 968 utebantur,

65 983 82 1046 i.
96 1002 120 1048 e.
135 1002 174 1048 ea
194 983 315 1068 lingna,
338 1002 420 1068 quae
442 1003 514 1049 oum
535 984 644 1066 lingua
666 985 791 1066 vulgari
813 984 1043 1070 rhapsodornm
1065 1004 1174 1052 reeen-

65 1081 168 1146 tiorum
183 1081 301 1146 aetatis
316 1087 502 1164 comparata
523 1087 740 1166 pervetustum
761 1081 894 1148 haberet
908 1083 1058 1166 speeiem.
1094 1081 1173 1148 Cum

64 1198 130 1244 vero
158 1179 300 1244 earmina
327 1185 453 1244 vetusta
481 1179 539 1243 illa
567 1179 678 1260 lingua
708 1179 845 1261 primum
874 1167 1003 1244 eondita
1030 1179 1172 1247 nondum

64 1274 166 1344 litteris
187 1275 426 1355 mandarentur,
456 1274 514 1342 sed
536 1295 556 1340 a
577 1280 669 1360 patre
691 1274 751 1356 fili,
780 1297 801 1342 a
822 1275 887 1342 filio
909 1280 1035 1361 nepotis
1056 1298 1173 1346 memo·

64 1374 120 1439 riae
158 1374 362 1440 traderentur
401 1372 497 1454 idque
538 1392 575 1438 eo
615 1381 797 1461 tempore,
826 1395 888 1458 quo
926 1375 1173 1460 haudquaquam

63 1473 177 1554 poetiea
204 1472 305 1536 virtus
338 1469 538 1549 evanuisset,
576 1471 634 1536 sed
669 1472 759 1536 multi
792 1477 916 1552 essent,
954 1489 1032 1554 quos
1063 1471 1173 1538 divino

63 1568 161 1634 afflatu
183 1568 394 1652 dignarentur
415 1569 541 1633 Musae:
574 1567 704 1634 minime
727 1574 775 1634 est
796 1569 986 1652 mirandum,
1009 1569 1095 1654 quod
1116 1568 1173 1634 filii

63 1687 118 1731 uon
139 1667 237 1732 anxio
259 1666 367 1732 animo
389 1665 482 1731 veriti
504 1671 593 1745 sunt,
624 1685 665 1730 ue
693 1665 831 1731 litteram
854 1686 874 1731 a
895 1667 1040 1750 patribus
1062 1687 1173 1752 aeeep-

62 1771 118 1828 tam
139 1769 309 1830 mutarent.
354 1763 468 1846 Neque
488 1763 591 1845 magis
607 1762 786 1828 mirandum
809 1771 868 1844 est,
891 1765 974 1846 quod
998 1765 1045 1829 illi
1066 1784 1173 1832 reeen-

61 1861 162 1945 tiores,
201 1880 395 1946 quamquam
426 1861 460 1924 in
487 1861 670 1926 universum
703 1861 846 1926 earmina
878 1881 942 1926 nou
975 1863 1086 1946 lingua
1114 1865 1173 1930 illa

61 1967 185 2040 vetusta,
209 1957 269 2026 sed
288 1958 430 2042 ipsorum
452 1957 567 2024 aetatis
588 1958 699 2040 lingua
720 1957 845 2040 vulgari
863 1966 1042 2040 cantarunt,
1064 1969 1173 2029 tamen

62 2063 88 2122 et
106 2057 249 2141 singulas
270 2055 439 2138 formulas,
472 2074 555 2137 quae
581 2055 615 2119 in
644 2053 766 2120 eisdem
788 2075 900 2124 versus
922 2057 1053 2124 sedibus
1074 2078 1172 2144 saepe

61 2175 112 2220 usu
125 2156 283 2235 venirent,
306 2159 339 2218 et
360 2159 444 2218 totos
466 2172 577 2220 versus
601 2153 652 2218 vel
674 2152 891 2236 hemistichia,
915 2174 997 2236 quae
1019 2175 1117 2240 saepe
1138 2157 1172 2221 in

60 2251 115 2320 illis
136 2249 331 2319 carminibus
353 2249 508 2331 redirent,
542 2249 679 2332 ideoque
700 2251 734 2314 in
756 2251 872 2342 animis
894 2252 984 2333 quasi
1012 2253 1173 2337 inseulpta

60 2356 158 2416 essent
186 2355 285 2431 atque
312 2348 359 2412 ita
385 2346 571 2414 viderentur
603 2347 710 2432 poesis
739 2348 850 2430 epioae
884 2349 1029 2433 propria,
1064 2357 1098 2416 ut
1125 2370 1172 2417 re·

60 2449 170 2514 moveri
193 2467 260 2511 non
282 2451 423 2530 possent,
447 2465 570 2510 summa
592 2445 713 2530 pietate
735 2453 910 2512 servarunt.
1031 2525 1035 2532 ι

134 2547 175 2611 nt
205 2563 241 2609 re
268 2563 345 2609 vera
373 2562 412 2608 ex
440 2549 590 2607 aeourata
617 2541 730 2607 harum
759 2563 863 2608 rerum
892 2543 1096 2626 inquisitione
1130 2580 1171 2592 -·

59 2643 226 2710 dolendum
257 2645 320 2724 est,
354 2631 439 2722 qubd
468 2639 575 2704 adhue
596 2660 708 2726 parum
730 2640 790 2705 has
812 2641 845 2705 in
867 2659 918 2706 res
940 2641 1172 2723 inquisiverunt

59 2742 110 2806 viri
133 2739 219 2806 doeti
240 2773 282 2786 -
304 2743 455 2822 apparet,
488 2737 607 2803 formas
634 2737 709 2802 illas
731 2744 874 2804 vetustas
901 2737 968 2804 iere
990 2758 1117 2822 semper
1137 2742 1171 2806 in

58 2839 143 2906 sertis
172 2835 365 2921 quibusdam
388 2855 498 2900 versus
527 2834 657 2901 sedibus
679 2835 731 2899 vel
753 2833 787 2898 in
810 2835 1006 2902 solemnibus
1028 2839 1171 2906 formulis

59 2937 192 3020 reperiri.
229 2935 280 2998 Ita
296 2931 489 3016 'saepissime
511 2957 532 2996 s
552 2933 586 2997 in
607 2925 752 2998 formulis
774 2941 901 2998 servata
923 2939 987 3012 est;
1009 2935 1055 2998 ita
1076 2955 1172 3018 gene·

59 3036 133 3102 tivos
153 3036 189 3099 in
217 3053 288 3095 -oro
317 3031 487 3113 plerosque
509 3029 543 3095 in
565 3031 660 3096 certis
688 3030 767 3095 loeis
789 3031 841 3095 vel
863 3030 896 3094 iu
918 3031 1067 3100 formulis
1083 3053 1171 3099 usur·

59 3133 120 3214 pari
142 3128 373 3198 demonstravit
394 3128 602 3212 Leskienius;
634 3135 731 3210 atque
758 3126 844 3193 idem
874 3128 970 3194 etiam
999 3127 1041 3194 de
1061 3128 1171 3197 formis

59 3231 219 3296 verborum
234 3227 268 3292 in
283 3249 350 3290 -αω
366 3223 570 3292 statuendum
586 3243 667 3306 esse,
690 3245 749 3290 nos
766 3225 837 3308 jam
858 3225 994 3310 probare
1010 3245 1169 3294 eonemur.

107 3331 112 3338 '
134 3328 323 3394 Formarum
340 3322 535 3406 integrarum
553 3324 703 3406 exempla
721 3323 754 3386 in
769 3321 873 3388 iliade
886 3320 1096 3407 Odysseaque
1117 3345 1169 3392 ex-

58 3433 136 3490 stant
158 3427 199 3490 64
222 3419 345 3498 (formis
367 3421 496 3504 saepius
517 3420 662 3505 repetitis
684 3440 741 3503 pro
763 3419 898 3502 singulis
919 3422 1093 3488 numeratis
1116 3425 1168 3499 35)

59 3521 238 3605 etquidem
270 3519 305 3584 in
336 3518 481 3584 versibus
510 3520 560 3582 63.
604 3517 674 3584 Hae
706 3537 781 3582 vero
809 3516 930 3582 formae
957 3537 1022 3584 non
1053 3519 1170 3603 ubique

59 3623 260 3704 usurpantur,
296 3614 354 3682 sed
383 3615 449 3692 lere
471 3634 597 3700 semper
618 3621 673 3680 aut
694 3614 728 3678 iu
750 3612 814 3678 fine
835 3633 946 3680 versus
968 3623 1024 3680 ant
1044 3617 1077 3680 in
1100 3636 1169 3684 eae·

60 3735 126 3782 sura
146 3716 279 3798 majore.
287 3708 322 3797 ²⁶)

120 3946 153 4010 ²³)
165 3944 255 3998 Etiam
273 3947 332 4002 aliis
350 3947 377 4001 in
395 3946 476 4000 rebus
495 3957 620 4000 caesmas
638 3941 708 3998 idem
724 3944 813 4000 valere
830 3957 862 3998 ae
880 3943 975 3999 versus
992 3943 1072 4000 finem
1090 3945 1170 4003 docet

59 4021 127 4078 Imm.
144 4025 292 4096 Beblternn
310 4027 406 4096 „Hom
425 4025 484 4080 Bl.“
501 4026 522 4092 I,
544 4030 598 4080 144.
