2958 4868
365 485 406 540 Da
423 483 556 540 vocalium
574 497 732 552 menarum
749 483 917 554 hyphaeresi.
1148 479 1207 542 107

86 677 165 744 quaa
186 659 320 724 Tzetzss
341 655 385 721 ad
406 655 566 741 Lyoophr.
588 675 619 720 v.
643 658 702 720 521
727 633 792 726 non
814 655 988 740 ‚,temere“,
1010 661 1046 720 ut
1067 655 1118 721 W.
1131 655 1210 721 Din-

86 756 155 823 dori
182 757 217 821 in
246 755 358 838 Steph.
387 755 484 822 Thes.
514 775 539 821 a.
561 775 593 820 v.
628 751 732 820 διαλά
762 759 921 836 autumat,
955 753 1013 820 sed
1040 761 1126 820 reete
1155 772 1210 818 ex·

85 853 232 939 plicavit:
266 850 387 929 διπλὸς
417 851 454 918 δὲ
477 857 601 939 κυρίως
623 853 680 918 καὶ
703 849 741 932 ἐξ
762 846 865 917 αὐτοῦ
888 849 1005 916 ὁιπλοί
1031 846 1207 932 ὀξυτόνως.

86 954 166 1019 Nam
200 951 242 1018 de
274 949 452 1017 recentiore
484 950 587 1016 iorma
615 950 734 1033 oogitat
756 951 903 1032 Tzetaes,
936 969 1001 1014 non
1031 947 1073 1014 de
1100 949 1208 1032 attius,

85 1050 165 1134 quod
198 1049 316 1114 διπλοῖ
347 1068 412 1113 non
441 1047 558 1112 διπίοί
585 1047 620 1112 in
648 1047 747 1112 attioa
775 1045 913 1113 dialeoto
940 1047 1210 1131 pronuntiabatur

86 1149 132 1228 (of.
155 1147 257 1231 Soph.
280 1146 332 1230 iij.
356 1149 428 1228 960,
458 1145 593 1212 Philoet.
618 1147 679 1210 793
702 1146 767 1224 ai).

166 1241 278 1322 ὁπλάς
298 1264 364 1309 non
387 1250 501 1322 exstat,
524 1242 587 1308 nisi
607 1243 641 1308 in
657 1241 761 1309 Oram.
776 1242 899 1308 Aneod.
921 1241 980 1310 Ox.
996 1241 1039 1322 ΙΙ,
1063 1246 1135 1325 331,
1159 1245 1208 1326 19,

86 1345 135 1410 ubi
163 1340 395 1428 grammatieus
422 1336 532 1418 ἆπίός
559 1359 601 1408 ex
630 1365 651 1404 α
673 1341 712 1410 τὸ
737 1351 900 1427 σημαῖνον
923 1338 959 1406 ἕν
987 1348 1019 1406 et
1048 1338 1087 1404 τὸ
1114 1341 1207 1406 πέλω

86 1441 226 1524 deduoit;
261 1440 385 1521 itaque'
399 1439 508 1506 neseio
531 1446 635 1504 utrum
657 1439 778 1505 reeenti
803 1438 905 1504 forma
926 1432 1036 1516 άπίός
1058 1459 1134 1504 usus
1156 1437 1208 1520 sit,

85 1560 124 1605 an
145 1559 218 1606 eam
241 1537 458 1621 etymologiae
478 1537 585 1620 gratia
607 1537 670 1603 sibi
692 1536 829 1602 finxerit.

165 1675 195 1736 5.
240 1668 375 1747 -νινόος
411 1727 415 1748 ,

164 1794 361 1879 Lycophron
383 1813 414 1858 v.
440 1797 521 1860 1313
544 1790 735 1878 τετράπνην
758 1791 884 1876 scripsit
906 1810 964 1876 pro
986 1788 1207 1877 τενραπνόην,

86 1891 217 1984 fortasse
239 1891 361 1958 similes
382 1891 502 1957 formas
524 1891 632 1974 epieas
654 1889 806 1956 imitatus.

164 2029 216 2187 ix
229 2045 509 2203 χάιῑιῗ-ςρροε-ος
525 2123 628 2182 ortum
644 2115 962 2202 θεί·χειμά-ρρο-ο-ς
978 2117 1030 2192 (oi.
1047 2117 1210 2200 ,‚Grdz.“³
1303 2167 1307 2184 .

88 2221 170 2299 318),
205 2237 302 2302 quam
330 2235 443 2281 vooem
470 2215 607 2298 legimus
632 2221 668 2280 N
689 2217 765 2298 138,
792 2213 997 2300 χειμάρρους
1019 2222 1058 2279 Λ
1080 2218 1159 2297 4933
1190 2237 1209 2280 ο

87 2322 187 2382 autem
216 2332 288 2382 osse
318 2313 430 2380 elisam
465 2312 499 2378 in
527 2317 713 2404 χείμαρροι,
732 2316 764 2376 Δ
784 2316 846 2377 452
874 2312 1074 2379 oontendunt
1091 2310 1160 2396 ,(ο1.
1183 2313 1209 2378 Ι.

87 2412 187 2480 Bekk.
204 2412 321 2497 „Hom
334 2411 406 2475 Bl.“
418 2413 498 2493 2233
513 2410 582 2496 ai).
605 2411 671 2478 Sed
682 2410 752 2493 jam
767 2416 893 2476 veteres
909 2410 1039 2492 quidam
1050 2430 1211 2494 gramma·

87 2511 136 2577 tioi
154 2508 336 2594 χειμάρροι
358 2508 562 2575 scribendum
585 2529 656 2576 esse
671 2509 798 2589 dooent,
821 2507 907 2590 quod
922 2508 1026 2574 eiuoet
1046 2527 1087 2573 ex
1102 2508 1209 2576 verbis

88 2609 201 2675 Herod.
224 2607 273 2689 ΙΙ,
298 2610 349 2689 46,
374 2610 430 2672 30:
467 2608 682 2689 Πτολεμαῖος
709 2601 726 2671 ὃ
747 2604 997 2693 Ἀσκαλωνίτης
1024 2604 1210 2692 παροξύνει

88 2703 160 2773 ἐπεὶ
189 2705 230 2770 τὸ
264 2702 375 2770 ἑνικόν
405 2701 477 2770 ἐστι
498 2701 717 2788 χειμάρρους,
752 2708 875 2781 Νικίας
906 2704 943 2770 δὲ
973 2700 1019 2782 dg
1049 2701 1208 2790 εὔφωνοι,

87 2813 253 2888 praeterea
280 2802 319 2867 oi.
346 2803 383 2867 Ε.
412 2802 454 2866 Μ.
480 2804 558 2883 810,
584 2805 622 2866 13
653 2799 833 2886 χειμάρροι
864 2797 939 2866 ἀλλ’
964 2798 1002 2868 οὗ
1029 2806 1210 2885 χείμαρροι

90 2897 130 2978 ὠς
152 2901 185 2967 οἱ
206 2899 331 2966 πολλοὶ
354 2903 470 2985 φασίν,
497 2899 592 2964 aliter
614 2899 695 2964 Poll.
718 2899 744 2979 I,
770 2903 829 2966 187
849 2903 1029 2986 χείμαρροι
1051 2923 1210 2984 προπαρ-

90 2997 251 3078 οξυτόνως
274 2997 324 3075 (of.
340 2997 419 3062 Lob.
436 2997 528 3062 Path.
544 2998 595 3062 El.
611 2997 635 3078 Ι,
653 2999 736 3075 316).
773 2997 881 3076 Quare
902 3017 1094 3081 quamquam
1110 2997 1209 3062 Hero-

90 3095 197 3163 dianus
227 3095 298 3180 ipse
326 3095 439 3160 Nieiae
466 3094 624 3160 rationem
652 3094 815 3179 probavit,
850 3102 959 3161 tamon
988 3097 1091 3161 altera
1119 3113 1210 3178 pras·

90 3191 218 3260 ferenda
247 3212 317 3259 esse
345 3192 481 3258 videtur.
526 3191 591 3258 Sed
613 3199 648 3257 ut
671 3193 742 3275 jam
764 3192 895 3259 Homeri
923 3201 1030 3259 aetate
1058 3199 1209 3258 accentus

91 3297 240 3358 retraotus
263 3299 295 3356 et
315 3295 493 3374 χείμαρροι
515 3289 755 3373 pronuntiatum
778 3290 835 3371 sit,
867 3291 901 3355 id
925 3299 1034 3358 tamen
1057 3311 1122 3355 non
1144 3291 1209 3356 alio

91 3387 179 3454 modo
202 3389 244 3454 eit
264 3386 463 3473 χειμάρροοι
486 3394 589 3452 ortum
612 3406 683 3454 esse
705 3394 811 3470 potest
829 3408 868 3454 ao
887 3387 1058 3474 χειμάρρῳ
1081 3407 1122 3453 ex
1139 3411 1210 3468 χει-

92 3485 222 3572 μαρρόῳ
253 3488 295 3564 (Ε
317 3489 384 3568 88),
419 3482 566 3549 Πάνθου
601 3503 641 3550 ex
669 3482 848 3550 Πανθάου.
900 3487 952 3550 An
981 3485 1146 3552 existimas
1171 3485 1209 3552 ‘in

92 3581 265 3670 χειμάρρῳ,
294 3581 457 3663 Πάνθου,
488 3579 584 3648 εὔνου
608 3589 666 3648 oet.
691 3605 709 3645 ο
731 3601 803 3647 esso
830 3587 1027 3649 contractam
1055 3603 1126 3648 oum
1149 3589 1211 3649 ter·

93 3680 323 3754 minationibus,
344 3679 379 3743 in
398 3677 579 3764 χειμάρροι
600 3685 706 3746 autem
729 3677 868 3746 eliaam?
904 3678 1086 3746 Gonmaetio
1103 3680 1209 3764 igitur,

94 3778 236 3857 quanin
260 3775 398 3843 diaieoto
426 3777 525 3842 attioa
545 3779 580 3842 in
603 3777 750 3842 omnibus
776 3777 886 3843 formis
912 3777 1030 3843 foetam
1052 3777 1209 3861 videmus,

95 3871 124 3937 in
143 3873 328 3960 χειμάρροι,
349 3871 521 3960 χειμάρρῳ
538 3875 609 3959 ja'm
631 3881 729 3940 antea
750 3881 875 3940 tentata
898 3881 955 3940 est.

172 3969 326 4055 surrepta
357 3972 460 4038 forma
490 3977 674 4056 χείμαρρος
705 3970 783 4038 indo
815 3992 836 4038 a
868 3973 1049 4042 Pausaniae
1082 3973 1210 4040 demum

97 4073 193 4134 aetate
213 4068 247 4135 in
268 4089 360 4136 usum
383 4069 482 4136 venit.
1028 4075 1032 4086 '
