2954 4866
411 527 415 534 .
431 484 473 539 De
489 484 601 540 diectasi
618 485 763 540 homerica.
1102 483 1161 546 197

58 654 253 766 arhapsodis
282 662 356 722 sunt
383 663 555 740 usurpatae
582 655 758 722 secundum
787 655 970 741 analogiam
992 657 1162 724 verborum

57 773 84 816 m
119 776 239 933 ullaque
260 854 387 916 veteres
408 849 502 916 aliter
525 850 566 916 de
587 851 649 916 hae
671 871 706 918 re
727 851 887 933 statuisse,
910 851 1162 920 luculentissime

56 954 191 1030 apparet,
222 967 293 1012 cum
315 966 357 1012 ex
379 947 530 1032 Apolloni
555 946 740 1035 δηῑάασκον
763 951 792 1028 2,
826 951 885 1012 142
914 947 1108 1035 [δηϊόωντες
1131 957 1161 1034 4,

57 1047 117 1122 489]
139 1043 188 1121 (oi.
210 1043 352 1109 Bahker.
375 1045 468 1110 Hom.
491 1045 541 1109 Bl.
564 1047 589 1127 1,
613 1049 682 1130 491,
711 1049 778 1110 tum
801 1063 841 1110 ex
864 1065 913 1128 eo,
940 1047 1025 1130 quod
1047 1055 1164 1132 poetae

57 1141 126 1224 apici
159 1142 368 1225 posteriores,
405 1144 550 1224 quamvis
581 1143 754 1226 flagrantes
792 1141 1007 1209 distractionis
1043 1165 1162 1228 amore,

55 1238 140 1304 rerba
161 1239 194 1304 in
218 1262 283 1304 -οω
306 1257 346 1305 ea
371 1260 435 1304 non
465 1239 623 1322 afficiunt,
662 1239 805 1323 exceptis
832 1239 943 1324 paucis
972 1241 1163 1324 quibusdam
1256 1278 1258 1284 ¹

55 1341 138 1418 atque
160 1335 265 1402 dubiis
287 1357 307 1402 a
329 1337 494 1404 Lobcckio
516 1337 660 1402 collectis
680 1336 793 1402 Rham.
819 1341 878 1404 181
893 1357 962 1420 sqq.
990 1339 1163 1406 Praeterea

55 1433 240 1514 grammatici
257 1433 383 1500 disertis
398 1435 506 1500 verbis
522 1434 676 1500 diastasin
694 1433 836 1500 tribuunt
850 1435 1011 1502 secundae
1033 1437 1163 1502 circum-

54 1527 191 1596 flexorum
214 1531 320 1616 classi,
342 1551 408 1596 non
429 1532 559 1598 tertiae:
589 1531 696 1598 Schol.
718 1535 757 1596 A
782 1537 841 1597 164
865 1525 897 1616 (ὁ
920 1532 1066 1621 ποιητὴς
1089 1531 1161 1600 ἐπὶ

54 1617 191 1714 ταύὶης
213 1635 261 1715 τῆ
270 1653 287 1707 ς
310 1628 513 1712 συζυγίας
529 1628 613 1706 ἐ’θος
629 1627 699 1709 ἔχει
714 1625 911 1709 πλεονάζειν
927 1636 974 1716 rapi
990 1627 1031 1714 ὀ),
1055 1635 1100 1695 Μ
1113 1636 1161 1696 17.

52 1725 82 1790 ll.
102 1727 140 1791 M.
165 1729 236 1809 113,
261 1729 311 1790 49.
347 1727 494 1792 Eustath.
520 1729 589 1809 179,
613 1729 653 1791 34
691 1723 800 1810 (aliter
830 1745 908 1793 sane
940 1747 1022 1794 unns
1054 1727 1161 1795 Schol.

54 1826 166 1889 sade:
189 1820 343 1888 ἀπὸτοῦ
366 1822 489 1905 στιχόω
513 1821 686 1904 ἐστιχόουν
710 1821 937 1906 ἓστιχώμεθα,
960 1823 1162 1907 ἐστιχόωντο

53 1918 83 1983 ci.
109 1921 185 1987 Lob.
208 1921 231 1986 l.
254 1940 281 1986 c.
307 1920 392 2006 186).
435 1922 597 1988 Immerito
630 1920 726 2004 igitur
753 1921 935 1989 Lobechius
962 1923 1076 1989 Rhem.
1101 1925 1160 1988 187

52 2015 242 2084 Eustathium
257 2019 473 2103 reprehendit,
497 2020 550 2102 qui
566 2019 647 2084 haec
661 2019 759 2084 habet
784 2023 949 2100 1618,12;
971 2018 1010 2083 τὸ
1033 2015 1162 2105 ἀρόωσι

52 2111 129 2181 ἔοικε
153 2114 315 2200 δευτέρας
338 2109 426 2181 είναι
455 2115 627 2200 συζυγίας·
665 2104 704 2200 ἦν
729 2111 761 2179 δ’
787 2109 827 2180 δν
856 2121 1018 2202 καθαρῶς
1046 2121 1161 2202 τρίτης

53 2209 137 2298 εἰἰιερ
176 2211 346 2298 ἐγράφετο
384 2208 535 2298 ἄρδουσι.
592 2213 676 2279 Nam
713 2211 857 2296 profecto
893 2235 958 2279 non
994 2221 1068 2279 sunt
1103 2215 1162 2278 illa

51 2312 191 2396 exempla
212 2315 375 2392 καθαρῶς
397 2314 512 2398 τρίτης
536 2309 708 2394 συζυγίας,
743 2310 801 2376 sed
830 2311 1019 2395 cooptatis
1042 2309 1162 2398 δηϊάω,

51 2401 131 2490 dodo
155 2407 344 2475 derivanda.

123 2569 152 2630 2.
199 2562 493 2646 conjunctivus
516 2539 728 2632 verborum
750 2566 789 2629 in
812 2588 878 2646 -μι.

123 2676 339 2742 Buttmannus
361 2671 468 2738 docuit
489 2675 508 2754 ξ
533 2677 590 2738 167
615 2673 691 2738 adn.
715 2678 771 2756 33,
804 2675 839 2740 in
867 2673 918 2739 his
950 2672 1162 2755 conjunctivis

49 2774 185 2840 vocalem
208 2769 425 2837 contractione
446 2777 549 2836 ortam
572 2769 707 2837 distrahi
728 2791 769 2837 ea
789 2772 930 2853 ratione,
953 2776 988 2835 nt
1011 2793 1042 2836 ει
1063 2771 1117 2837 vel
1139 2796 1159 2858 η

50 2870 284 2954 praefigeretur,
316 2875 430 2952 postea
457 2875 565 2934 autem
587 2887 826 2951 nonnumquam
847 2869 920 2952 ipsa
941 2869 1161 2951 corriperetur.

51 2965 82 3030 ln
102 2987 162 3050 quo
185 2966 278 3032 multi
301 2985 373 3032 eum
396 2966 496 3032 secuti
518 2973 599 3032 sunt.

124 3089 192 3156 Sed
214 3089 310 3172 longe
331 3087 426 3154 aliter
447 3107 482 3154 se
505 3089 602 3154 habet
622 3107 684 3154 res.
727 3085 905 3153 Verborum
927 3086 961 3151 in
982 3109 1054 3170 -μι,
1089 3105 1160 3152 cnm

50 3183 233 3252 indicativus
265 3185 369 3251 vocali
396 3185 581 3256 thematica.
602 3192 724 3269 eareat,
758 3183 979 3268 conjunctivus
1007 3181 1113 3248 vocali
1141 3204 1161 3246 a

49 3285 166 3364 (graece
189 3307 218 3362 ο,
243 3291 270 3356 a)
294 3283 445 3366 stirpibus
468 3280 566 3348 ailina
586 3281 730 3366 ringitur,
759 3289 835 3348 ante
857 3301 951 3363 quam
973 3281 1161 3364 plerumque
1244 3324 1247 3332 ·

49 3381 259 3459 producuntur
285 3381 429 3466 stirpium
457 3382 596 3447 vocales.
647 3381 698 3446 Ita
725 3379 804 3445 fiunt
826 3376 1020 3466 ’θή-ο-μεν,
1055 3375 1162 3463 δαμή-

50 3497 123 3554 ε-τε,
157 3475 342 3562 στή-ε-τον,
371 3475 547 3558 δώ-ο-μεν,
574 3475 769 3561 γνώ-ο-μεν,
797 3473 974 3563 θήρ-μαι,
1003 3471 1161 3560 βλή-εται

49 3581 100 3638 cet.
135 3575 183 3640 ici.
206 3575 337 3641 indicat.
365 3578 550 3654 τί-θε-μεν,
582 3573 751 3656 ἐ’-θε-μεν,
783 3571 964 3655 δί-δο-μεν,
994 3569 1160 3653 hdo-par,

49 3666 228 3758 i-dt-pprl.
265 3673 328 3738 Pro
350 3671 401 3738 his
422 3678 529 3739 autem
551 3691 650 3756 saepe
671 3670 846 3738 secundum
868 3669 1036 3736 verbomm
1057 3669 1091 3734 in
1114 3693 1161 3732 -ω

50 3769 224 3854 analogiam
247 3770 482 3836 substituuntur
502 3769 624 3838 formae
644 3769 743 3851 longa
757 3765 861 3834 vocali
881 3766 1065 3849 instructae,
1089 3786 1163 3834 eae·

49 3881 104 3944 que
126 3887 250 3952 semper
270 3868 305 3933 in
328 3866 483 3950 singulari
507 3874 539 3934 et
560 3868 594 3933 in
617 3871 646 3934 3.
669 3866 750 3952 plur.
774 3863 886 3930 activi:
918 3862 1008 3950 θήω,
1032 3861 1161 3948 daphim,

50 3953 140 4026 ἁλώω
162 3962 199 4048 (o
220 3963 314 4049 265),
338 3962 446 4051 θήῃς,
471 3962 585 4053 στήῃς,
609 3961 728 4050 γνώῃς,
751 3959 833 4048 θήῃ,
858 3955 996 4047 δώῃσιν,
1019 3960 1160 4048 στήωσι,

50 4063 190 4143 φθέωσι,
225 4059 349 4144 δώωσι,
383 4058 525 4146 γνώωσι.
576 4061 747 4128 Praeterea
780 4059 814 4124 in
846 4063 872 4124 1.
901 4059 983 4143 plur.
1015 4055 1160 4146 θήομεν,
