<?xml version="1.0" encoding="UTF-8"?>
<!DOCTYPE html PUBLIC "-//W3C//DTD XHTML 1.0 Transitional//EN"
    "http://www.w3.org/TR/xhtml1/DTD/xhtml1-transitional.dtd">
<html xmlns="http://www.w3.org/1999/xhtml" xml:lang="en" lang="en">
 <head>
  <title>
</title>
<meta http-equiv="Content-Type" content="text/html;charset=utf-8" />
  <meta name='ocr-system' content='tesseract 3.04.00' />
  <meta name='ocr-capabilities' content='ocr_page ocr_carea ocr_par ocr_line ocrx_word'/>
</head>
<body>
  <div class='ocr_page' id='page_1' title='image "./studienzurgriec02vanigoog_0295.png"; bbox 0 0 2972 4868; ppageno 0'>
   <div class='ocr_carea' id='block_1_1' title="bbox 442 431 1197 503">
    <p class='ocr_par' dir='ltr' id='par_1_1' title="bbox 442 431 1197 503">
     <span class='ocr_line' id='line_1_1' title="bbox 442 431 1197 503; baseline 0.009 -16"><span class='ocrx_word' id='word_1_1' title='bbox 442 431 475 487; x_wconf 91' lang='lat' dir='ltr'>de</span> <span class='ocrx_word' id='word_1_2' title='bbox 492 431 703 503; x_wconf 81' lang='lat' dir='ltr'>reduplicatione</span> <span class='ocrx_word' id='word_1_3' title='bbox 720 445 828 500; x_wconf 79' lang='lat' dir='ltr'>graeca.</span> <span class='ocrx_word' id='word_1_4' title='bbox 1137 434 1197 496; x_wconf 80' lang='lat'>281</span> 
     </span>
    </p>
   </div>
   <div class='ocr_carea' id='block_1_2' title="bbox 80 597 1203 1762">
    <p class='ocr_par' dir='ltr' id='par_1_2' title="bbox 80 597 1203 1762">
     <span class='ocr_line' id='line_1_2' title="bbox 89 597 1201 692; baseline 0.012 -29"><span class='ocrx_word' id='word_1_5' title='bbox 89 599 144 664; x_wconf 88' lang='lat' dir='ltr'>duo</span> <span class='ocrx_word' id='word_1_6' title='bbox 176 599 350 668; x_wconf 82' lang='lat' dir='ltr'>efficiuntur</span> <span class='ocrx_word' id='word_1_7' title='bbox 381 597 623 688; x_wconf 74' lang='lat' dir='ltr'>duplicationis‘</span> <span class='ocrx_word' id='word_1_8' title='bbox 638 621 776 688; x_wconf 73' lang='lat' dir='ltr'>genera,</span> <span class='ocrx_word' id='word_1_9' title='bbox 810 625 942 689; x_wconf 88' lang='lat' dir='ltr'>quorum</span> <span class='ocrx_word' id='word_1_10' title='bbox 977 609 1038 672; x_wconf 90' lang='lat' dir='ltr'>hoe</span> <span class='ocrx_word' id='word_1_11' title='bbox 1070 608 1201 692; x_wconf 87' lang='lat' dir='ltr'>quidem</span> 
     </span>
     <span class='ocr_line' id='line_1_3' title="bbox 89 697 1203 791; baseline 0.008 -29"><span class='ocrx_word' id='word_1_12' title='bbox 89 697 219 764; x_wconf 87' lang='lat' dir='ltr'>dicamus</span> <span class='ocrx_word' id='word_1_13' title='bbox 234 699 420 784; x_wconf 89' lang='lat' dir='ltr'>praefixum,</span> <span class='ocrx_word' id='word_1_14' title='bbox 444 701 524 766; x_wconf 91' lang='lat' dir='ltr'>illud</span> <span class='ocrx_word' id='word_1_15' title='bbox 540 701 698 768; x_wconf 79' lang='lat' dir='ltr'>suffixum.</span> <span class='ocrx_word' id='word_1_16' title='bbox 727 701 952 772; x_wconf 85' lang='lat' dir='ltr'>Praefixae</span> <span class='ocrx_word' id='word_1_17' title='bbox 966 711 1074 772; x_wconf 86' lang='lat' dir='ltr'>autem</span> <span class='ocrx_word' id='word_1_18' title='bbox 1098 706 1203 791; x_wconf 79' lang='lat' dir='ltr'>dupli-</span> 
     </span>
     <span class='ocr_line' id='line_1_4' title="bbox 87 796 1199 887; baseline 0.006 -28"><span class='ocrx_word' id='word_1_19' title='bbox 87 796 210 861; x_wconf 89' lang='lat' dir='ltr'>cationis</span> <span class='ocrx_word' id='word_1_20' title='bbox 238 817 358 880; x_wconf 82' lang='lat' dir='ltr'>genera</span> <span class='ocrx_word' id='word_1_21' title='bbox 389 799 452 864; x_wconf 88' lang='lat' dir='ltr'>tria</span> <span class='ocrx_word' id='word_1_22' title='bbox 480 797 632 866; x_wconf 88' lang='lat' dir='ltr'>distincta</span> <span class='ocrx_word' id='word_1_23' title='bbox 664 805 753 864; x_wconf 88' lang='lat' dir='ltr'>sunt:</span> <span class='ocrx_word' id='word_1_24' title='bbox 788 801 949 886; x_wconf 77' lang='lat' dir='ltr'><em>aequabile</em></span> <span class='ocrx_word' id='word_1_25' title='bbox 978 805 1199 887; x_wconf 78' lang='grc' dir='ltr'>(μέρμερ-ος),</span> 
     </span>
     <span class='ocr_line' id='line_1_5' title="bbox 86 893 1199 982; baseline 0.007 -25"><span class='ocrx_word' id='word_1_26' title='bbox 86 907 196 960; x_wconf 84' lang='lat' dir='ltr'>auctam</span> <span class='ocrx_word' id='word_1_27' title='bbox 218 893 405 980; x_wconf 80' lang='grc' dir='ltr'>(κω-κύ-ω),</span> <span class='ocrx_word' id='word_1_28' title='bbox 429 898 618 959; x_wconf 83' lang='lat' dir='ltr'>imminutam</span> <span class='ocrx_word' id='word_1_29' title='bbox 641 896 832 980; x_wconf 78' lang='grc' dir='ltr'>(τι-ταίνω).</span> <span class='ocrx_word' id='word_1_30' title='bbox 881 898 1021 978; x_wconf 82' lang='lat' dir='ltr'>Quorum</span> <span class='ocrx_word' id='word_1_31' title='bbox 1043 919 1199 982; x_wconf 83' lang='lat' dir='ltr'>generum</span> 
     </span>
     <span class='ocr_line' id='line_1_6' title="bbox 85 993 1198 1082; baseline 0.003 -23"><span class='ocrx_word' id='word_1_32' title='bbox 85 995 214 1060; x_wconf 88' lang='lat' dir='ltr'>secundo</span> <span class='ocrx_word' id='word_1_33' title='bbox 238 1002 270 1061; x_wconf 90' lang='lat' dir='ltr'>et</span> <span class='ocrx_word' id='word_1_34' title='bbox 294 994 388 1060; x_wconf 80' lang='lat' dir='ltr'>tertio</span> <span class='ocrx_word' id='word_1_35' title='bbox 417 993 577 1059; x_wconf 89' lang='lat' dir='ltr'>indicatur</span> <span class='ocrx_word' id='word_1_36' title='bbox 605 993 841 1077; x_wconf 86' lang='lat' dir='ltr'>quodammodo</span> <span class='ocrx_word' id='word_1_37' title='bbox 870 996 1008 1080; x_wconf 88' lang='lat' dir='ltr'>priorem</span> <span class='ocrx_word' id='word_1_38' title='bbox 1036 997 1198 1082; x_wconf 83' lang='lat' dir='ltr'>syllabam</span> 
     </span>
     <span class='ocr_line' id='line_1_7' title="bbox 84 1091 1198 1180; baseline 0.004 -23"><span class='ocrx_word' id='word_1_39' title='bbox 84 1093 165 1173; x_wconf 84' lang='lat' dir='ltr'><strong>quasi</strong></span> <span class='ocrx_word' id='word_1_40' title='bbox 196 1091 372 1178; x_wconf 87' lang='lat' dir='ltr'>praefixam</span> <span class='ocrx_word' id='word_1_41' title='bbox 404 1109 490 1174; x_wconf 87' lang='lat' dir='ltr'>esso,</span> <span class='ocrx_word' id='word_1_42' title='bbox 523 1092 557 1156; x_wconf 92' lang='lat' dir='ltr'>in</span> <span class='ocrx_word' id='word_1_43' title='bbox 590 1093 767 1175; x_wconf 88' lang='lat' dir='ltr'>posteriore</span> <span class='ocrx_word' id='word_1_44' title='bbox 798 1099 905 1158; x_wconf 87' lang='lat' dir='ltr'>autem</span> <span class='ocrx_word' id='word_1_45' title='bbox 934 1094 1063 1180; x_wconf 84' lang='lat' dir='ltr'>syllaba</span> <span class='ocrx_word' id='word_1_46' title='bbox 1093 1095 1198 1180; x_wconf 81' lang='lat' dir='ltr'><strong>ipsam</strong></span> 
     </span>
     <span class='ocr_line' id='line_1_8' title="bbox 83 1189 1200 1276; baseline 0.007 -25"><span class='ocrx_word' id='word_1_47' title='bbox 83 1191 162 1255; x_wconf 81' lang='lat' dir='ltr'>vocis</span> <span class='ocrx_word' id='word_1_48' title='bbox 183 1189 249 1255; x_wconf 86' lang='lat' dir='ltr'>vim</span> <span class='ocrx_word' id='word_1_49' title='bbox 272 1209 343 1256; x_wconf 88' lang='lat' dir='ltr'>esse</span> <span class='ocrx_word' id='word_1_50' title='bbox 364 1189 519 1274; x_wconf 80' lang='lat' dir='ltr'>positam3</span> <span class='ocrx_word' id='word_1_51' title='bbox 555 1207 662 1272; x_wconf 87' lang='lat' dir='ltr'>neque</span> <span class='ocrx_word' id='word_1_52' title='bbox 683 1189 801 1256; x_wconf 86' lang='lat' dir='ltr'>desunt</span> <span class='ocrx_word' id='word_1_53' title='bbox 821 1189 959 1273; x_wconf 84' lang='lat' dir='ltr'>vestigia</span> <span class='ocrx_word' id='word_1_54' title='bbox 980 1191 1095 1276; x_wconf 86' lang='lat' dir='ltr'>quibus</span> <span class='ocrx_word' id='word_1_55' title='bbox 1116 1192 1200 1258; x_wconf 89' lang='lat' dir='ltr'>indi·</span> 
     </span>
     <span class='ocr_line' id='line_1_9' title="bbox 83 1286 1198 1374; baseline 0.008 -24"><span class='ocrx_word' id='word_1_56' title='bbox 83 1292 162 1351; x_wconf 86' lang='lat' dir='ltr'>cetur</span> <span class='ocrx_word' id='word_1_57' title='bbox 183 1307 293 1354; x_wconf 85' lang='lat' dir='ltr'>aarum</span> <span class='ocrx_word' id='word_1_58' title='bbox 308 1307 433 1370; x_wconf 89' lang='lat' dir='ltr'>quoque</span> <span class='ocrx_word' id='word_1_59' title='bbox 450 1307 564 1353; x_wconf 86' lang='lat' dir='ltr'>vocum</span> <span class='ocrx_word' id='word_1_60' title='bbox 580 1307 713 1372; x_wconf 86' lang='lat' dir='ltr'>quarum</span> <span class='ocrx_word' id='word_1_61' title='bbox 728 1286 979 1370; x_wconf 89' lang='lat' dir='ltr'>duplicationem</span> <span class='ocrx_word' id='word_1_62' title='bbox 993 1291 1198 1374; x_wconf 78' lang='lat' dir='ltr'>aequabilem</span> 
     </span>
     <span class='ocr_line' id='line_1_10' title="bbox 81 1385 1198 1472; baseline 0.009 -26"><span class='ocrx_word' id='word_1_63' title='bbox 81 1385 259 1452; x_wconf 83' lang='lat' dir='ltr'>vocavimus</span> <span class='ocrx_word' id='word_1_64' title='bbox 295 1385 433 1470; x_wconf 82' lang='lat' dir='ltr'>pniorem</span> <span class='ocrx_word' id='word_1_65' title='bbox 475 1392 601 1469; x_wconf 86' lang='lat' dir='ltr'>partem</span> <span class='ocrx_word' id='word_1_66' title='bbox 636 1391 835 1450; x_wconf 81' lang='lat' dir='ltr'>attenuatam</span> <span class='ocrx_word' id='word_1_67' title='bbox 875 1405 961 1452; x_wconf 88' lang='lat' dir='ltr'>esse:</span> <span class='ocrx_word' id='word_1_68' title='bbox 1005 1387 1047 1454; x_wconf 93' lang='lat' dir='ltr'>de</span> <span class='ocrx_word' id='word_1_69' title='bbox 1083 1387 1198 1472; x_wconf 89' lang='lat' dir='ltr'>quibus</span> 
     </span>
     <span class='ocr_line' id='line_1_11' title="bbox 81 1479 1197 1572; baseline 0.007 -27"><span class='ocrx_word' id='word_1_70' title='bbox 81 1483 217 1565; x_wconf 81' lang='lat' dir='ltr'>vestigiis</span> <span class='ocrx_word' id='word_1_71' title='bbox 238 1501 316 1548; x_wconf 85' lang='lat' dir='ltr'>mox</span> <span class='ocrx_word' id='word_1_72' title='bbox 334 1482 485 1548; x_wconf 88' lang='lat' dir='ltr'>dicemus.</span> <span class='ocrx_word' id='word_1_73' title='bbox 523 1483 595 1548; x_wconf 85' lang='lat' dir='ltr'>Sui</span> <span class='ocrx_word' id='word_1_74' title='bbox 599 1483 711 1548; x_wconf 85' lang='lat' dir='ltr'>fixae</span> <span class='ocrx_word' id='word_1_75' title='bbox 733 1479 961 1566; x_wconf 85' lang='lat' dir='ltr'>duplicationis</span> <span class='ocrx_word' id='word_1_76' title='bbox 983 1485 1034 1551; x_wconf 87' lang='lat' dir='ltr'>his</span> <span class='ocrx_word' id='word_1_77' title='bbox 1049 1486 1197 1572; x_wconf 90' lang='lat' dir='ltr'>opposita</span> 
     </span>
     <span class='ocr_line' id='line_1_12' title="bbox 80 1577 1197 1666; baseline 0.007 -24"><span class='ocrx_word' id='word_1_78' title='bbox 80 1587 147 1644; x_wconf 87' lang='lat' dir='ltr'>sunt</span> <span class='ocrx_word' id='word_1_79' title='bbox 174 1599 294 1663; x_wconf 83' lang='lat' dir='ltr'>genera</span> <span class='ocrx_word' id='word_1_80' title='bbox 317 1579 395 1645; x_wconf 90' lang='lat' dir='ltr'>duo:</span> <span class='ocrx_word' id='word_1_81' title='bbox 426 1599 465 1646; x_wconf 91' lang='lat' dir='ltr'>ea</span> <span class='ocrx_word' id='word_1_82' title='bbox 488 1600 583 1663; x_wconf 91' lang='lat' dir='ltr'>quam</span> <span class='ocrx_word' id='word_1_83' title='bbox 607 1578 741 1645; x_wconf 78' lang='lat' dir='ltr'>dicimus</span> <span class='ocrx_word' id='word_1_84' title='bbox 763 1581 917 1644; x_wconf 80' lang='lat' dir='ltr'>inversam</span> <span class='ocrx_word' id='word_1_85' title='bbox 938 1577 1141 1666; x_wconf 77' lang='grc' dir='ltr'>(ὀπ-ίπ-ὰς),</span> <span class='ocrx_word' id='word_1_86' title='bbox 1165 1589 1197 1650; x_wconf 87' lang='lat' dir='ltr'>et</span> 
     </span>
     <span class='ocr_line' id='line_1_13' title="bbox 80 1675 624 1762; baseline 0.002 -23"><span class='ocrx_word' id='word_1_87' title='bbox 80 1675 246 1760; x_wconf 79' lang='lat' dir='ltr'>duplicatio</span> <span class='ocrx_word' id='word_1_88' title='bbox 268 1677 406 1760; x_wconf 80' lang='lat' dir='ltr'>infracta</span> <span class='ocrx_word' id='word_1_89' title='bbox 431 1675 624 1762; x_wconf 78' lang='grc' dir='ltr'>(πόρ-π-η).</span> 
     </span>
    </p>
   </div>
   <div class='ocr_carea' id='block_1_3' title="bbox 187 1997 1080 2218">
    <p class='ocr_par' dir='ltr' id='par_1_3' title="bbox 187 1997 1080 2218">
     <span class='ocr_line' id='line_1_14' title="bbox 187 1997 1080 2066; baseline 0 -2"><span class='ocrx_word' id='word_1_90' title='bbox 187 1997 330 2066; x_wconf 77' lang='lat' dir='ltr'><strong>CAPUT</strong></span> <span class='ocrx_word' id='word_1_91' title='bbox 352 1997 378 2064; x_wconf 92' lang='grc' dir='ltr'>Ι.</span> <span class='ocrx_word' id='word_1_92' title='bbox 422 1999 481 2064; x_wconf 83' lang='lat' dir='ltr'>DE</span> <span class='ocrx_word' id='word_1_93' title='bbox 504 1997 828 2064; x_wconf 79' lang='lat' dir='ltr'><strong>DUPLICATIONE</strong></span> <span class='ocrx_word' id='word_1_94' title='bbox 851 1999 1080 2066; x_wconf 82' lang='lat' dir='ltr'><strong>PRAEFIXA.</strong></span> 
     </span>
     <span class='ocr_line' id='line_1_15' title="bbox 299 2147 972 2218; baseline 0 -16"><span class='ocrx_word' id='word_1_95' title='bbox 299 2150 323 2216; x_wconf 72' lang='lat' dir='ltr'>s.</span> <span class='ocrx_word' id='word_1_96' title='bbox 344 2155 366 2202; x_wconf 92' lang='lat'>1.</span> <span class='ocrx_word' id='word_1_97' title='bbox 401 2147 452 2202; x_wconf 83' lang='lat' dir='ltr'>on</span> <span class='ocrx_word' id='word_1_98' title='bbox 470 2147 745 2204; x_wconf 78' lang='lat' dir='ltr'>oonmoamona</span> <span class='ocrx_word' id='word_1_99' title='bbox 763 2147 972 2218; x_wconf 77' lang='lat' dir='ltr'><strong>AEQUABILI.</strong></span> 
     </span>
    </p>
   </div>
   <div class='ocr_carea' id='block_1_4' title="bbox 66 2285 1281 3640">
    <p class='ocr_par' dir='ltr' id='par_1_4' title="bbox 67 2285 1194 3348">
     <span class='ocr_line' id='line_1_16' title="bbox 152 2285 1194 2373; baseline 0.002 -20"><span class='ocrx_word' id='word_1_100' title='bbox 152 2285 304 2353; x_wconf 90' lang='lat' dir='ltr'>Omnium</span> <span class='ocrx_word' id='word_1_101' title='bbox 347 2286 517 2352; x_wconf 84' lang='lat' dir='ltr'>verborum</span> <span class='ocrx_word' id='word_1_102' title='bbox 561 2293 593 2352; x_wconf 89' lang='lat' dir='ltr'>et</span> <span class='ocrx_word' id='word_1_103' title='bbox 621 2287 794 2370; x_wconf 86' lang='lat' dir='ltr'>nominum</span> <span class='ocrx_word' id='word_1_104' title='bbox 838 2288 1070 2373; x_wconf 81' lang='lat' dir='ltr'>duplicatorum</span> <span class='ocrx_word' id='word_1_105' title='bbox 1112 2289 1194 2356; x_wconf 91' lang='lat' dir='ltr'>anti·</span> 
     </span>
     <span class='ocr_line' id='line_1_17' title="bbox 75 2384 1194 2470; baseline 0.006 -25"><span class='ocrx_word' id='word_1_106' title='bbox 75 2384 254 2464; x_wconf 87' lang='lat' dir='ltr'>quissimam</span> <span class='ocrx_word' id='word_1_107' title='bbox 294 2385 429 2450; x_wconf 88' lang='lat' dir='ltr'>formam</span> <span class='ocrx_word' id='word_1_108' title='bbox 472 2389 641 2450; x_wconf 84' lang='lat' dir='ltr'>servarunt</span> <span class='ocrx_word' id='word_1_109' title='bbox 683 2401 723 2448; x_wconf 90' lang='lat' dir='ltr'>ea</span> <span class='ocrx_word' id='word_1_110' title='bbox 764 2404 896 2466; x_wconf 90' lang='lat' dir='ltr'>quorum</span> <span class='ocrx_word' id='word_1_111' title='bbox 932 2385 1026 2452; x_wconf 85' lang='lat' dir='ltr'>radix</span> <span class='ocrx_word' id='word_1_112' title='bbox 1068 2387 1194 2470; x_wconf 80' lang='lat' dir='ltr'>integra</span> 
     </span>
     <span class='ocr_line' id='line_1_18' title="bbox 74 2479 1193 2564; baseline 0.005 -22"><span class='ocrx_word' id='word_1_113' title='bbox 74 2483 204 2564; x_wconf 86' lang='lat' dir='ltr'>repetita</span> <span class='ocrx_word' id='word_1_114' title='bbox 228 2490 291 2564; x_wconf 91' lang='lat' dir='ltr'>est,</span> <span class='ocrx_word' id='word_1_115' title='bbox 315 2483 362 2548; x_wconf 90' lang='lat' dir='ltr'>eis</span> <span class='ocrx_word' id='word_1_116' title='bbox 383 2488 508 2546; x_wconf 88' lang='lat' dir='ltr'>tantum</span> <span class='ocrx_word' id='word_1_117' title='bbox 530 2479 774 2562; x_wconf 88' lang='lat' dir='ltr'>mutationibus,</span> <span class='ocrx_word' id='word_1_118' title='bbox 805 2482 920 2563; x_wconf 86' lang='lat' dir='ltr'>quibus</span> <span class='ocrx_word' id='word_1_119' title='bbox 942 2484 983 2548; x_wconf 92' lang='lat' dir='ltr'>ob</span> <span class='ocrx_word' id='word_1_120' title='bbox 1005 2483 1193 2550; x_wconf 82' lang='lat' dir='ltr'>facilitatem</span> 
     </span>
     <span class='ocr_line' id='line_1_19' title="bbox 72 2579 1193 2666; baseline 0.005 -25"><span class='ocrx_word' id='word_1_121' title='bbox 72 2581 298 2658; x_wconf 85' lang='lat' dir='ltr'>pronuntiandi</span> <span class='ocrx_word' id='word_1_122' title='bbox 320 2600 399 2664; x_wconf 90' lang='lat' dir='ltr'>opus</span> <span class='ocrx_word' id='word_1_123' title='bbox 427 2579 500 2659; x_wconf 81' lang='lat' dir='ltr'>fuit,</span> <span class='ocrx_word' id='word_1_124' title='bbox 533 2585 569 2643; x_wconf 90' lang='lat' dir='ltr'>ut</span> <span class='ocrx_word' id='word_1_125' title='bbox 596 2583 671 2642; x_wconf 90' lang='lat' dir='ltr'>sunt</span> <span class='ocrx_word' id='word_1_126' title='bbox 692 2596 851 2643; x_wconf 88' lang='lat' dir='ltr'>consonae</span> <span class='ocrx_word' id='word_1_127' title='bbox 880 2586 993 2646; x_wconf 91' lang='lat' dir='ltr'>tenues</span> <span class='ocrx_word' id='word_1_128' title='bbox 1020 2581 1054 2646; x_wconf 93' lang='lat' dir='ltr'>in</span> <span class='ocrx_word' id='word_1_129' title='bbox 1086 2581 1193 2666; x_wconf 86' lang='lat' dir='ltr'>priore</span> 
     </span>
     <span class='ocr_line' id='line_1_20' title="bbox 72 2675 1192 2763; baseline 0.006 -25"><span class='ocrx_word' id='word_1_130' title='bbox 72 2675 195 2758; x_wconf 90' lang='lat' dir='ltr'>syllaba</span> <span class='ocrx_word' id='word_1_131' title='bbox 227 2698 286 2762; x_wconf 89' lang='lat' dir='ltr'>pro</span> <span class='ocrx_word' id='word_1_132' title='bbox 314 2677 464 2760; x_wconf 88' lang='lat' dir='ltr'>aspiratis</span> <span class='ocrx_word' id='word_1_133' title='bbox 492 2677 617 2760; x_wconf 88' lang='lat' dir='ltr'>positae</span> <span class='ocrx_word' id='word_1_134' title='bbox 647 2681 679 2739; x_wconf 91' lang='lat' dir='ltr'>et</span> <span class='ocrx_word' id='word_1_135' title='bbox 700 2675 795 2740; x_wconf 78' lang='lat' dir='ltr'>o-vel</span> <span class='ocrx_word' id='word_1_136' title='bbox 824 2675 909 2741; x_wconf 90' lang='lat' dir='ltr'>aliae</span> <span class='ocrx_word' id='word_1_137' title='bbox 937 2679 1099 2763; x_wconf 79' lang='lat' dir='ltr'>vocales²)</span> <span class='ocrx_word' id='word_1_138' title='bbox 1132 2699 1192 2763; x_wconf 89' lang='lat' dir='ltr'>pro</span> 
     </span>
     <span class='ocr_line' id='line_1_21' title="bbox 70 2771 1192 2859; baseline 0.004 -21"><span class='ocrx_word' id='word_1_139' title='bbox 70 2775 205 2852; x_wconf 86' lang='lat' dir='ltr'>genuino</span> <span class='ocrx_word' id='word_1_140' title='bbox 229 2797 246 2837; x_wconf 88' lang='lat' dir='ltr'>c</span> <span class='ocrx_word' id='word_1_141' title='bbox 268 2777 435 2858; x_wconf 86' lang='lat' dir='ltr'>repetitae.</span> <span class='ocrx_word' id='word_1_142' title='bbox 471 2773 574 2852; x_wconf 72' lang='lat' dir='ltr'>Quam</span> <span class='ocrx_word' id='word_1_143' title='bbox 597 2771 847 2856; x_wconf 87' lang='lat' dir='ltr'>duplicationem</span> <span class='ocrx_word' id='word_1_144' title='bbox 869 2777 1053 2842; x_wconf 87' lang='lat' dir='ltr'>vocavimus</span> <span class='ocrx_word' id='word_1_145' title='bbox 1075 2797 1192 2859; x_wconf 89' lang='lat' dir='ltr'>aequa-</span> 
     </span>
     <span class='ocr_line' id='line_1_22' title="bbox 69 2868 1191 2955; baseline 0.008 -23"><span class='ocrx_word' id='word_1_146' title='bbox 69 2868 179 2953; x_wconf 88' lang='lat' dir='ltr'>bilem,</span> <span class='ocrx_word' id='word_1_147' title='bbox 214 2873 290 2955; x_wconf 90' lang='lat' dir='ltr'>quia</span> <span class='ocrx_word' id='word_1_148' title='bbox 318 2880 350 2938; x_wconf 89' lang='lat' dir='ltr'>et</span> <span class='ocrx_word' id='word_1_149' title='bbox 378 2872 483 2937; x_wconf 88' lang='lat' dir='ltr'>vocali</span> <span class='ocrx_word' id='word_1_150' title='bbox 506 2879 537 2936; x_wconf 88' lang='lat' dir='ltr'>et</span> <span class='ocrx_word' id='word_1_151' title='bbox 565 2870 716 2934; x_wconf 80' lang='lat' dir='ltr'>consonis</span> <span class='ocrx_word' id='word_1_152' title='bbox 736 2871 883 2936; x_wconf 89' lang='lat' dir='ltr'>omnibus</span> <span class='ocrx_word' id='word_1_153' title='bbox 907 2874 1052 2955; x_wconf 87' lang='lat' dir='ltr'>repetitis</span> <span class='ocrx_word' id='word_1_154' title='bbox 1074 2873 1191 2940; x_wconf 88' lang='lat' dir='ltr'>radicis</span> 
     </span>
     <span class='ocr_line' id='line_1_23' title="bbox 69 2967 1191 3050; baseline 0.005 -18"><span class='ocrx_word' id='word_1_155' title='bbox 69 2975 172 3048; x_wconf 84' lang='lat' dir='ltr'>partes</span> <span class='ocrx_word' id='word_1_156' title='bbox 200 2970 269 3036; x_wconf 83' lang='lat' dir='ltr'>iere</span> <span class='ocrx_word' id='word_1_157' title='bbox 296 2971 433 3036; x_wconf 87' lang='lat' dir='ltr'>libratae</span> <span class='ocrx_word' id='word_1_158' title='bbox 462 2977 536 3034; x_wconf 86' lang='lat' dir='ltr'>sunt</span> <span class='ocrx_word' id='word_1_159' title='bbox 564 2969 648 3032; x_wconf 83' lang='lat' dir='ltr'>inter</span> <span class='ocrx_word' id='word_1_160' title='bbox 675 2987 720 3032; x_wconf 88' lang='lat' dir='ltr'>se.</span> <span class='ocrx_word' id='word_1_161' title='bbox 764 2967 877 3050; x_wconf 88' lang='lat' dir='ltr'>Neque</span> <span class='ocrx_word' id='word_1_162' title='bbox 905 2989 943 3035; x_wconf 89' lang='lat' dir='ltr'>eo</span> <span class='ocrx_word' id='word_1_163' title='bbox 972 2971 1078 3037; x_wconf 91' lang='lat' dir='ltr'>minus</span> <span class='ocrx_word' id='word_1_164' title='bbox 1105 2972 1191 3038; x_wconf 89' lang='lat' dir='ltr'>hane</span> 
     </span>
     <span class='ocr_line' id='line_1_24' title="bbox 69 3063 1190 3152; baseline 0.004 -23"><span class='ocrx_word' id='word_1_165' title='bbox 69 3083 190 3150; x_wconf 88' lang='lat' dir='ltr'>quoque</span> <span class='ocrx_word' id='word_1_166' title='bbox 213 3069 247 3132; x_wconf 92' lang='lat' dir='ltr'>in</span> <span class='ocrx_word' id='word_1_167' title='bbox 271 3067 496 3152; x_wconf 88' lang='lat' dir='ltr'>duplicationis</span> <span class='ocrx_word' id='word_1_168' title='bbox 523 3063 686 3149; x_wconf 82' lang='lat' dir='ltr'>praefixae</span> <span class='ocrx_word' id='word_1_169' title='bbox 714 3066 886 3146; x_wconf 80' lang='lat' dir='ltr'>generibus</span> <span class='ocrx_word' id='word_1_170' title='bbox 910 3068 1080 3148; x_wconf 87' lang='lat' dir='ltr'>habemus,</span> <span class='ocrx_word' id='word_1_171' title='bbox 1114 3067 1190 3152; x_wconf 88' lang='lat' dir='ltr'>quia</span> 
     </span>
     <span class='ocr_line' id='line_1_25' title="bbox 68 3162 1190 3250; baseline 0.005 -25"><span class='ocrx_word' id='word_1_172' title='bbox 68 3162 202 3230; x_wconf 88' lang='lat' dir='ltr'>leviores</span> <span class='ocrx_word' id='word_1_173' title='bbox 225 3165 340 3250; x_wconf 85' lang='lat' dir='ltr'>prioris</span> <span class='ocrx_word' id='word_1_174' title='bbox 361 3165 461 3248; x_wconf 84' lang='lat' dir='ltr'>partis</span> <span class='ocrx_word' id='word_1_175' title='bbox 476 3162 713 3229; x_wconf 89' lang='lat' dir='ltr'>imminutiones</span> <span class='ocrx_word' id='word_1_176' title='bbox 728 3179 770 3226; x_wconf 90' lang='lat' dir='ltr'>ne</span> <span class='ocrx_word' id='word_1_177' title='bbox 785 3163 827 3228; x_wconf 89' lang='lat' dir='ltr'>ab</span> <span class='ocrx_word' id='word_1_178' title='bbox 843 3163 904 3230; x_wconf 89' lang='lat' dir='ltr'>hoe</span> <span class='ocrx_word' id='word_1_179' title='bbox 919 3165 1047 3247; x_wconf 88' lang='lat' dir='ltr'>quidem</span> <span class='ocrx_word' id='word_1_180' title='bbox 1069 3185 1190 3248; x_wconf 84' lang='lat' dir='ltr'>genere</span> 
     </span>
     <span class='ocr_line' id='line_1_26' title="bbox 67 3259 857 3348; baseline 0 -24"><span class='ocrx_word' id='word_1_181' title='bbox 67 3259 192 3328; x_wconf 87' lang='lat' dir='ltr'>alienae</span> <span class='ocrx_word' id='word_1_182' title='bbox 215 3270 297 3326; x_wconf 86' lang='lat' dir='ltr'>sunt.</span> <span class='ocrx_word' id='word_1_183' title='bbox 343 3261 443 3348; x_wconf 81' lang='lat' dir='ltr'>Cujus</span> <span class='ocrx_word' id='word_1_184' title='bbox 464 3263 510 3328; x_wconf 88' lang='lat' dir='ltr'>rei</span> <span class='ocrx_word' id='word_1_185' title='bbox 532 3261 593 3326; x_wconf 85' lang='lat' dir='ltr'>tria</span> <span class='ocrx_word' id='word_1_186' title='bbox 615 3267 689 3325; x_wconf 90' lang='lat' dir='ltr'>sunt</span> <span class='ocrx_word' id='word_1_187' title='bbox 710 3259 857 3343; x_wconf 80' lang='lat' dir='ltr'>vestigia.</span> 
     </span>
    </p>

    <p class='ocr_par' dir='ltr' id='par_1_5' title="bbox 66 3358 1281 3640">
     <span class='ocr_line' id='line_1_27' title="bbox 151 3358 1281 3445; baseline 0.004 -23"><span class='ocrx_word' id='word_1_188' title='bbox 151 3358 183 3444; x_wconf 90' lang='lat'>1)</span> <span class='ocrx_word' id='word_1_189' title='bbox 208 3358 376 3445; x_wconf 79' lang='lat' dir='ltr'>Voealium</span> <span class='ocrx_word' id='word_1_190' title='bbox 399 3358 653 3424; x_wconf 89' lang='lat' dir='ltr'>dissimilationis</span> <span class='ocrx_word' id='word_1_191' title='bbox 675 3376 772 3422; x_wconf 89' lang='lat' dir='ltr'>eausa</span> <span class='ocrx_word' id='word_1_192' title='bbox 793 3358 880 3442; x_wconf 85' lang='lat' dir='ltr'>prior</span> <span class='ocrx_word' id='word_1_193' title='bbox 894 3366 1017 3424; x_wconf 88' lang='lat' dir='ltr'>tantum</span> <span class='ocrx_word' id='word_1_194' title='bbox 1032 3367 1186 3426; x_wconf 86' lang='lat' dir='ltr'>mutatur:</span> <span class='ocrx_word' id='word_1_195' title='bbox 1278 3398 1281 3403; x_wconf 95' lang='lat'><em>-</em></span> 
     </span>
     <span class='ocr_line' id='line_1_28' title="bbox 66 3445 1187 3544; baseline 0.005 -27"><span class='ocrx_word' id='word_1_196' title='bbox 66 3445 276 3542; x_wconf 47' lang='lat' dir='ltr'>paco-puiQ-w}</span> <span class='ocrx_word' id='word_1_197' title='bbox 321 3453 514 3542; x_wconf 81' lang='grc' dir='ltr'><em>γερ-γύρ-α,</em></span> <span class='ocrx_word' id='word_1_198' title='bbox 552 3467 663 3532; x_wconf 81' lang='grc' dir='ltr'><em>κῖ·κυς</em></span> <span class='ocrx_word' id='word_1_199' title='bbox 700 3453 751 3532; x_wconf 87' lang='lat' dir='ltr'>(ef.</span> <span class='ocrx_word' id='word_1_200' title='bbox 789 3453 967 3544; x_wconf 77' lang='grc' dir='ltr'><strong><em>Μιτυλήνη</em></strong></span> <span class='ocrx_word' id='word_1_201' title='bbox 1005 3459 1038 3524; x_wconf 81' lang='lat' dir='ltr'>ei</span> <span class='ocrx_word' id='word_1_202' title='bbox 1075 3461 1187 3523; x_wconf 81' lang='grc' dir='ltr'><strong><em>Μυτι-</em></strong></span> 
     </span>
     <span class='ocr_line' id='line_1_29' title="bbox 66 3549 1187 3640; baseline 0.007 -28"><span class='ocrx_word' id='word_1_203' title='bbox 66 3549 163 3640; x_wconf 75' lang='grc' dir='ltr'><em>λήνη,</em></span> <span class='ocrx_word' id='word_1_204' title='bbox 188 3551 315 3619; x_wconf 85' lang='lat' dir='ltr'>Curtius</span> <span class='ocrx_word' id='word_1_205' title='bbox 338 3555 546 3639; x_wconf 76' lang='lat' dir='ltr'>Grundzbge⁴</span> <span class='ocrx_word' id='word_1_206' title='bbox 569 3559 658 3638; x_wconf 82' lang='lat'>708),</span> <span class='ocrx_word' id='word_1_207' title='bbox 681 3556 735 3620; x_wconf 79' lang='lat' dir='ltr'>vel</span> <span class='ocrx_word' id='word_1_208' title='bbox 757 3553 872 3637; x_wconf 84' lang='lat' dir='ltr'>prioris</span> <span class='ocrx_word' id='word_1_209' title='bbox 895 3554 1043 3638; x_wconf 86' lang='lat' dir='ltr'>syllabae</span> <span class='ocrx_word' id='word_1_210' title='bbox 1065 3555 1187 3621; x_wconf 86' lang='lat' dir='ltr'>vocalis</span> 
     </span>
    </p>
   </div>
   <div class='ocr_carea' id='block_1_5' title="bbox 65 3706 268 3718">
    <p class='ocr_par' dir='ltr' id='par_1_6' title="bbox 65 3706 268 3718">
     <span class='ocr_line' id='line_1_30' title="bbox 65 3706 268 3718; baseline 0.01 -4"><span class='ocrx_word' id='word_1_211' title='bbox 65 3706 268 3718; x_wconf 64' lang='lat'><em>-.-..-...-.-</em></span> 
     </span>
    </p>
   </div>
   <div class='ocr_carea' id='block_1_6' title="bbox 63 3787 1185 4100">
    <p class='ocr_par' dir='ltr' id='par_1_7' title="bbox 63 3787 1185 4100">
     <span class='ocr_line' id='line_1_31' title="bbox 133 3787 1185 3860; baseline 0.002 -20"><span class='ocrx_word' id='word_1_212' title='bbox 133 3790 155 3856; x_wconf 69' lang='lat'>2)</span> <span class='ocrx_word' id='word_1_213' title='bbox 182 3793 312 3858; x_wconf 76' lang='grc' dir='ltr'><strong><em>κι-κυ-μίς</em></strong></span> <span class='ocrx_word' id='word_1_214' title='bbox 336 3789 371 3844; x_wconf 84' lang='lat' dir='ltr'>cf.</span> <span class='ocrx_word' id='word_1_215' title='bbox 391 3789 423 3842; x_wconf 87' lang='lat' dir='ltr'>R.</span> <span class='ocrx_word' id='word_1_216' title='bbox 449 3808 489 3856; x_wconf 86' lang='grc' dir='ltr'>φυ</span> <span class='ocrx_word' id='word_1_217' title='bbox 508 3794 616 3859; x_wconf 61' lang='lat' dir='ltr'>spi-roffi</span> <span class='ocrx_word' id='word_1_218' title='bbox 645 3791 793 3860; x_wconf 85' lang='grc' dir='ltr'><strong><em>Κέρ-κυρ-α</em></strong></span> <span class='ocrx_word' id='word_1_219' title='bbox 817 3787 852 3842; x_wconf 85' lang='lat' dir='ltr'>ef.</span> <span class='ocrx_word' id='word_1_220' title='bbox 875 3787 995 3854; x_wconf 70' lang='grc' dir='ltr'>βδύλλωε</span> <span class='ocrx_word' id='word_1_221' title='bbox 1019 3787 1185 3858; x_wconf 50' lang='grc' dir='ltr'>βδελυρός</span> 
     </span>
     <span class='ocr_line' id='line_1_32' title="bbox 64 3865 1185 3940; baseline 0.006 -21"><span class='ocrx_word' id='word_1_222' title='bbox 64 3865 215 3940; x_wconf 71' lang='lat' dir='ltr'>Rip-nepa</span> <span class='ocrx_word' id='word_1_223' title='bbox 243 3869 276 3923; x_wconf 84' lang='lat' dir='ltr'>cf.</span> <span class='ocrx_word' id='word_1_224' title='bbox 295 3869 328 3924; x_wconf 86' lang='lat' dir='ltr'>R.</span> <span class='ocrx_word' id='word_1_225' title='bbox 348 3887 396 3940; x_wconf 76' lang='grc' dir='ltr'>τυρ</span> <span class='ocrx_word' id='word_1_226' title='bbox 422 3867 553 3939; x_wconf 64' lang='lat' dir='ltr'>rap-dap.</span> <span class='ocrx_word' id='word_1_227' title='bbox 595 3869 714 3938; x_wconf 72' lang='lat' dir='ltr'>Quorum</span> <span class='ocrx_word' id='word_1_228' title='bbox 732 3867 941 3923; x_wconf 86' lang='lat' dir='ltr'>dissimilationis</span> <span class='ocrx_word' id='word_1_229' title='bbox 958 3883 1085 3936; x_wconf 83' lang='lat' dir='ltr'>generum</span> <span class='ocrx_word' id='word_1_230' title='bbox 1102 3871 1185 3926; x_wconf 89' lang='lat' dir='ltr'>trium</span> 
     </span>
     <span class='ocr_line' id='line_1_33' title="bbox 63 3949 1185 4018; baseline 0.004 -17"><span class='ocrx_word' id='word_1_231' title='bbox 63 3949 278 4018; x_wconf 86' lang='lat' dir='ltr'>antiquissimum</span> <span class='ocrx_word' id='word_1_232' title='bbox 304 3957 345 4004; x_wconf 86' lang='lat' dir='ltr'>est</span> <span class='ocrx_word' id='word_1_233' title='bbox 367 3950 489 4016; x_wconf 87' lang='lat' dir='ltr'>tertium,</span> <span class='ocrx_word' id='word_1_234' title='bbox 518 3949 589 4018; x_wconf 90' lang='lat' dir='ltr'>quod</span> <span class='ocrx_word' id='word_1_235' title='bbox 612 3951 717 4004; x_wconf 87' lang='lat' dir='ltr'>videtur</span> <span class='ocrx_word' id='word_1_236' title='bbox 740 3955 828 4005; x_wconf 85' lang='lat' dir='ltr'>ortum</span> <span class='ocrx_word' id='word_1_237' title='bbox 851 3965 910 4004; x_wconf 87' lang='lat' dir='ltr'>esse</span> <span class='ocrx_word' id='word_1_238' title='bbox 935 3965 995 4003; x_wconf 88' lang='lat' dir='ltr'>cum</span> <span class='ocrx_word' id='word_1_239' title='bbox 1022 3967 1037 4000; x_wconf 89' lang='lat' dir='ltr'><em>v</em></span> <span class='ocrx_word' id='word_1_240' title='bbox 1061 3963 1078 4003; x_wconf 88' lang='lat' dir='ltr'>a</span> <span class='ocrx_word' id='word_1_241' title='bbox 1100 3951 1147 4005; x_wconf 90' lang='lat' dir='ltr'>lat.</span> <span class='ocrx_word' id='word_1_242' title='bbox 1166 3969 1185 4004; x_wconf 83' lang='lat' dir='ltr'>a</span> 
     </span>
     <span class='ocr_line' id='line_1_34' title="bbox 63 4030 676 4100; baseline 0.003 -20"><span class='ocrx_word' id='word_1_243' title='bbox 63 4030 282 4095; x_wconf 86' lang='lat' dir='ltr'>pronuntiatione</span> <span class='ocrx_word' id='word_1_244' title='bbox 298 4031 417 4086; x_wconf 89' lang='lat' dir='ltr'>nondum</span> <span class='ocrx_word' id='word_1_245' title='bbox 440 4031 593 4100; x_wconf 87' lang='lat' dir='ltr'>sejunctum</span> <span class='ocrx_word' id='word_1_246' title='bbox 610 4033 676 4084; x_wconf 88' lang='lat' dir='ltr'>erat.</span> 
     </span>
    </p>
   </div>
   <div class='ocr_carea' id='block_1_7' title="bbox 0 0 1490 4868">
    <p class='ocr_par' dir='ltr' id='par_1_8' title="bbox 0 0 1490 4868">
     <span class='ocr_line' id='line_1_35' title="bbox 0 0 1490 4868; baseline 0 9"><span class='ocrx_word' id='word_1_247' title='bbox 0 0 1490 4868; x_wconf 95' lang='lat' dir='ltr'> </span> 
     </span>
    </p>
   </div>
  </div>
 </body>
</html>
