3020 4866
285 414 326 478 28
766 421 933 478 Forssmsnn

286 596 338 677 οἷς
361 595 550 680 διέβαλλεν,
582 588 604 680 ἢ
627 594 786 659 τάναντία
815 593 921 659 εἰπών
951 593 1082 683 ψευδὴς
1111 593 1332 682 φανήσεσθαι
1361 599 1403 666 in·

283 697 425 764 finitivus
446 694 542 760 futuri
563 713 646 772 uon,
669 693 760 758 sicuti
782 692 901 776 λέγειν,
924 712 965 760 ex
986 689 1287 779 ἀναγκασθήσεται
1309 698 1404 765 verbo

283 795 413 882 pendet,
429 793 496 874 sed,
512 791 671 872 neglecta,
686 797 722 855 ut
736 809 802 855 non
815 811 888 856 raro
902 789 947 874 fit,
963 791 1179 857 concinnitate
1193 793 1403 862 membrorum

284 893 336 966 toi.
358 892 514 976 Kruegeri
538 897 570 955 et
584 887 746 973 Popponis
768 888 995 956 annotationes
1016 889 1059 954 ad
1083 889 1136 972 VI,
1154 893 1204 972 24,
1224 894 1263 973 1),
1287 893 1330 958 ab
1354 889 1403 958 ὅτι

284 991 442 1078 particula
463 989 599 1073 scriptor
619 986 661 1052 ad
683 983 832 1050 infinitivi
854 993 1045 1054 structuram
1067 993 1286 1070 transgressus
1310 998 1368 1058 est.

431 1224 463 1312 5)
487 1227 621 1287 VERBA
643 1227 886 1286 IMPEDIENDI
908 1227 987 1288 VEL
1009 1227 1269 1292 PROHIBENDI.

369 1363 459 1459 Quae
481 1397 551 1443 cum
574 1375 655 1442 nihil
678 1376 766 1442 aliud
789 1377 853 1442 sint
875 1377 936 1443 nisi
958 1379 1057 1444 verba
1072 1379 1229 1446 efficiendi
1244 1383 1404 1466 negativa,

283 1478 325 1544 ab
347 1478 387 1542 iis
410 1475 515 1540 dinimi
536 1495 603 1540 non
624 1480 768 1558 possunt.
813 1473 916 1553 Quam
939 1495 1015 1542 vero
1037 1485 1107 1543 ante
1126 1497 1197 1544 cum
1212 1479 1278 1546 illis
1292 1481 1406 1548 cohae-

282 1582 385 1655 reant,
409 1593 450 1640 ex
472 1591 509 1639 eo
531 1572 635 1653 vides,
659 1571 745 1654 quod
766 1571 941 1656 infinitivis,
965 1574 1019 1656 qui
1040 1596 1061 1642 a
1082 1575 1189 1643 verbis
1210 1577 1406 1660 impediendi

283 1672 350 1757 apti
373 1677 457 1753 sunt,
480 1670 669 1753 plerumque
690 1668 734 1754 μὴ
759 1670 917 1752 particula
938 1671 1103 1755 adjicitur:
1126 1674 1227 1740 Thus.
1244 1675 1304 1753 ΙΙΙ,
1320 1679 1406 1759 49,3

284 1767 467 1836 διεκώλυσε
501 1764 545 1852 μη
581 1765 834 1852 διαφθαρῆναι,
878 1788 942 1850 qua
974 1770 1024 1836 vis
1061 1769 1218 1838 efficiendi
1247 1773 1349 1856 plana
1377 1779 1407 1840 et

282 1887 437 1952 perquam
470 1863 605 1931 evidens
635 1863 679 1944 fit,
711 1865 900 1947 praesertim
934 1867 1057 1949 quoties
1088 1866 1265 1936 infinitivus
1293 1891 1407 1956 epexe

281 1965 406 2050 geticus
434 1964 468 2027 iu
499 1981 591 2027 usum
612 1969 745 2027 vocatur
767 1962 838 2044 (ΙΙΙ,
863 1967 898 2044 6,
921 1967 941 2026 2
970 1965 1027 2029 καὶ
1054 1971 1115 2052 τῆς
1143 1966 1325 2054 θαλάσσης
1346 1970 1406 2050 μὲν

283 2058 396 2147 ελργον
424 2058 467 2146 μή
491 2063 646 2145 χρῆσθαι
668 2057 747 2135 τοὺς
771 2060 1035 2146 Μυτιληναίους)
1064 2063 1118 2130 vel
1140 2059 1223 2141 ὥςτε
1245 2066 1405 2149 particula

281 2160 472 2228 infinitivum
487 2155 654 2240 praecedit
668 2157 717 2239 (V,
734 2160 815 2238 49,1
840 2157 1115 2240 Λακεδαιμόνιοι
1136 2167 1196 2226 τοῦ
1220 2161 1313 2247 ἱεροῦ
1335 2159 1402 2228 ὑπὸ

278 2256 418 2325 Ἠλείων
451 2252 638 2340 εἴρχθησαν
672 2249 755 2331 dieve
789 2253 834 2340 μὴ
867 2253 988 2333 θύειν).
998 2255 1022 2342 ⁸)
1073 2259 1165 2325 Duae
1196 2260 1292 2342 igItur
1325 2261 1407 2344 cogi·

282 2358 420 2423 tatones
448 2353 482 2418 in
511 2346 604 2418 unius
634 2353 862 2418 enuntiationis
891 2373 1004 2438 eorpus
1033 2356 1124 2438 quasi
1152 2358 1349 2441 coaluerunt,
1372 2357 1405 2423 id

282 2453 367 2538 quod
405 2449 536 2516 Graecis
578 2449 820 2516 usitatissimum
863 2450 961 2518 fuisse
1003 2453 1086 2520 inter
1122 2474 1233 2522 omnes
1269 2463 1404 2523 constat.
1498 2441 1499 2482 ³

281 2555 515 2620 Enumeremus
538 2549 688 2633 exempla
710 2547 932 2633 Thucydides.

367 2643 605 2726 ἀπέσχοντο
628 2643 711 2724 dicte
733 2645 777 2730 μὴ
802 2644 980 2730 ἐμβάλλειν
1002 2648 1028 2730 Ι,
1052 2651 1102 2732 49,
1125 2653 1153 2714 6.
1177 2647 1222 2736 μὴ
1247 2659 1405 2735 στρατεῦ-

280 2746 525 2826 wffiffia

366 2838 497 2921 ἆνέχω
520 2839 565 2926 μὴ
589 2835 651 2904 ὑπ’
675 2835 797 2916 αὐτοὺς
820 2834 908 2905 εἶναι
931 2841 986 2923 VI,
1011 2845 1061 2923 86,
1085 2846 1113 2907 3.

367 2939 460 3020 ἐ’χω,
484 2942 722 3019 κατέχομαι.
759 2937 785 3019 Ι,
811 2941 860 3020 73,
884 2942 914 3004 3.
937 2939 963 3021 Ι,
989 2943 1038 3020 17,
1062 2942 1081 3002 2
1103 2947 1242 3024 (praes).

369 3032 498 3116 διαμά
505 3058 550 3114 χο
558 3058 632 3116 μαι
653 3033 698 3118 μὴ
722 3042 932 3119 μεταγνῶναι
946 3035 1032 3123 μηδὲ
1050 3031 1212 3122 ἁμαρτεῖν
1228 3041 1288 3122 ΙΙΙ,
1305 3046 1355 3123 46,
1375 3047 1400 3106 1.

368 3129 525 3212 κωλύω,
550 3129 724 3196 διακωλύω
748 3138 780 3196 et
802 3152 883 3213 quae
905 3140 979 3199 aunt
1000 3133 1127 3200 similia.
1172 3135 1265 3203 Infin.
1281 3154 1422 3222 praest:-

281 3230 370 3312 VIII,
388 3232 438 3310 79,
457 3231 485 3293 2.
501 3230 526 3311 Ι,
543 3233 593 3310 27,
610 3232 639 3294 2.
658 3232 727 3311 142,
747 3233 775 3293 2.
792 3229 847 3310 VI,
868 3233 915 3311 18,
935 3237 959 3294 t.
984 3235 1033 3315 88,
1054 3239 1101 3297 11.
1118 3237 1168 3316 98,
1186 3238 1205 3297 4
1222 3235 1305 3313 (bis).
1329 3237 1398 3319 VII,

268 3331 384 3411 ’17,3.-
403 3331 453 3410 27,
478 3331 507 3393 3.
531 3330 581 3410 36,
606 3333 624 3392 5
648 3321 732 3403 ὥςσε
755 3325 799 3412 μὴ
823 3328 1013 3412 περιπλεῖν.
1038 3330 1126 3413 VIII,
1146 3334 1200 3418 86,
1224 3337 1253 3396 4.
1282 3333 1400 3399 Infinit.

280 3425 405 3492 coristi:
429 3424 484 3506 IV,
509 3428 559 3506 79,
586 3429 614 3488 1.
637 3427 687 3506 87,
712 3427 740 3488 2.
765 3425 819 3508 VI,
845 3429 894 3510 80,
919 3430 948 3491 2.
972 3430 1022 3510 83,
1039 3430 1067 3493 3.
1092 3427 1165 3510 VII,
1182 3431 1233 3510 32,
1253 3434 1280 3494 1.
1303 3435 1353 3513 42,
1370 3436 1398 3495 5.

280 3528 331 3608 70,
354 3528 384 3589 7.
407 3523 497 3606 VIII,
521 3525 571 3588 88.

366 3619 500 3705 εἴργοι.
544 3621 575 3703 Ι,
600 3624 651 3703 62,
681 3624 710 3685 2.
744 3620 804 3703 ΙΙΙ,
828 3624 857 3704 6,
882 3625 910 3685 2.
941 3622 1000 3704 ΙΙΙ,
1026 3626 1040 3686 1
1066 3619 1171 3708 τὸμὴ
1195 3657 1237 3668 -
1260 3647 1400 3707 κακουρ-

279 3727 361 3801 γεῖν.
384 3717 422 3799 V,
440 3722 491 3802 49,
510 3724 524 3782 1
550 3714 632 3795 ὥςτε
647 3716 692 3804 μὴ
710 3715 810 3783 θύειν
825 3713 908 3805 μηδ’
933 3715 1171 3802 ἀγωνίζεσθαι.
1194 3718 1398 3804 InfinItivum,

278 3833 355 3895 non,
377 3819 413 3878 ut
434 3817 505 3881 vult
527 3816 707 3898 Bekkems,
730 3815 933 3899 participium
956 3833 1027 3882 esse
1048 3817 1221 3901 legendum
1244 3819 1299 3902 VI,
1326 3826 1340 3885 1
1366 3818 1399 3887 ἐν

350 4027 369 4090 ⁸)
388 4023 423 4078 cf.
440 4022 550 4092 Madvig
563 4024 583 4078 ’1.
600 4024 618 4080 l.
636 4039 697 4094 pag.
716 4028 825 4096 477·⁶⁶·
843 4023 979 4091 Kuehner,
997 4025 1075 4080 Aust.
1095 4026 1141 4081 Gr.
1162 4030 1178 4096 ξ
1197 4031 1255 4082 516.
