3020 4866
279 424 319 486 64
362 443 364 448 ·
761 425 927 484 Forssmann

278 601 336 666 ihu
358 599 525 679 einholen,
557 619 592 665 so
615 569 803 665 vernichten
824 598 883 664 wir
903 599 961 666 ihu
983 599 1131 666 sicher‘?
1174 604 1217 668 At
1238 623 1309 668 cum
1333 609 1401 670 tan-

278 707 345 766 tum
373 697 525 764 momenti
553 696 757 762 tribuendum
786 716 850 762 nou
879 695 921 762 sit
951 697 1134 782 participio,
1168 699 1289 785 quippe
1318 702 1402 785 qnod

277 797 441 864 notionem
470 793 692 862 secundariam
721 795 884 860 contiueat
913 813 1017 877 neque
1045 797 1143 862 ullius
1170 798 1212 863 sit
1240 800 1400 884 ponderis,

281 895 501 981 διαφθείρειν
529 913 595 958 non
622 892 656 956 in
682 890 777 956 Iutrrri
805 893 876 957 loco
905 899 953 958 est
985 892 1142 977 positum:
1179 896 1229 962 sin
1263 897 1401 964 futurum

279 991 460 1070 desideras,
495 989 700 1076 διαφθερεῖν
729 987 902 1072 legendum
930 989 999 1056 erit
1043 990 1120 1058 Sed*
1138 1011 1179 1058 ne
1201 993 1402 1064 desiderabis

280 1090 408 1174 quidem
429 1089 578 1166 faurum,
601 1087 656 1152 ubi
673 1086 810 1171 primum
826 1085 1073 1170 καταλαβόντες
1088 1109 1152 1154 non
1168 1089 1209 1156 de
1231 1112 1266 1158 re
1287 1093 1401 1170 futura,

279 1189 338 1255 sed
358 1187 532 1272 praeterita
554 1184 674 1251 dictum
690 1184 868 1267 acceperis:
889 1185 1047 1264 „Barbari
1062 1192 1170 1252 autem
1185 1209 1306 1273 magna
1320 1193 1403 1256 roci·

278 1286 435 1353 seratione
457 1304 496 1350 ae
517 1283 655 1350 tumultu
675 1281 879 1364 ingruebant,
904 1282 1133 1364 existimantes,
1157 1303 1229 1352 eum
1244 1287 1357 1370 fugere
1371 1294 1403 1354 et

279 1405 300 1450 a
321 1402 366 1463 se,
389 1383 442 1466 qui
460 1382 529 1466 jam
553 1399 624 1446 eum
647 1380 785 1446 assecuti
806 1388 923 1460 essent,
946 1377 1112 1448 interfici.“

364 1480 424 1545 Hic
445 1480 558 1563 igitur,
587 1478 643 1543 ubi
664 1497 817 1562 praesens
838 1478 873 1543 in
895 1477 1089 1544 sententiam
1112 1479 1232 1563 optime
1254 1482 1401 1565 quadret,

279 1578 361 1644 nihil
384 1597 465 1661 opus
487 1582 536 1642 est
557 1575 756 1658 conjectura;
779 1576 868 1654 VIII,
885 1579 971 1654 75,2
994 1595 1070 1642 vero
1088 1595 1159 1642 cnm
1181 1586 1254 1662 post
1268 1589 1404 1662 quatuor

279 1678 385 1746 futura
401 1670 726 1760 δημοκρατήσεσθαι
747 1708 789 1717 -
813 1667 1014 1759 ὁμονοήσειν
1036 1709 1080 1720 -
1102 1673 1306 1742 διοίσειν-
1329 1677 1404 1744 δ’σε-

281 1779 367 1841 σθαι
388 1791 449 1839 nec
471 1772 601 1856 opinato
623 1790 777 1854 praesens
800 1767 1112 1856 ἐπικηρυκεύεσθαι
1132 1772 1326 1853 inveniatur,
1349 1795 1404 1842 ac-

280 1870 462 1956 cipiendum
491 1867 616 1946 estid,
649 1867 735 1951 quod
756 1867 908 1934 Reiskius
936 1874 969 1935 et
991 1867 1130 1935 Oobetus
1158 1879 1403 1954 proposuerunt,
1491 1943 1492 1950 ¹

280 1967 482 2038 scribendum
505 1965 627 2032 scilicet
644 1963 988 2052 ἐπικηρυκεύσεοθοι.
1019 1966 1188 2048 Equidem,
1211 1971 1404 2037 examinans

280 2075 313 2135 et
332 2065 500 2151 perpensis
521 2063 628 2130 verbis
650 2062 866 2148 Thucydidis,
896 2063 977 2128 nihil
1004 2062 1131 2142 inveni,
1161 2083 1229 2148 quo.
1248 2085 1404 2150 praesens

280 2183 476 2234 excusarem.
522 2159 650 2228 Etenim
679 2161 706 2226 si
733 2181 791 2243 pro
821 2157 919 2226 οὐδέν
949 2159 1067 2226 dictum
1097 2169 1181 2230 esset
1208 2162 1326 2252 μηδέν,
1359 2167 1404 2231 εἰσ

281 2283 348 2329 rem
377 2261 563 2346 expedites,
599 2266 635 2324 ut
668 2265 825 2324 statueres
854 2277 895 2324 ex
923 2254 1086 2342 ὥρκωσαν
1120 2260 1304 2344 decerptam
1334 2282 1404 2330 esse

280 2361 443 2427 notinnem
465 2355 645 2441 imperandi
667 2357 720 2422 vel
742 2355 845 2422 officio
868 2355 1049 2439 obligandi:
1073 2377 1177 2436 „nere
1193 2358 1317 2442 aliquid
1332 2380 1402 2428 cum

280 2460 346 2526 illis
367 2457 603 2540 transigerent“
658 2454 708 2531 (cf.
725 2455 763 2532 V,
787 2459 838 2532 45,
862 2455 891 2517 2.
915 2454 969 2532 VI,
989 2457 1039 2532 52,
1062 2457 1091 2534 2,
1114 2456 1181 2522 alia
1202 2458 1323 2540 passim
1346 2459 1403 2524 sub

279 2555 411 2622 vocibus
434 2553 640 2636 crevecuer,
674 2549 855 2637 ξύγκειται,
886 2553 1055 2638 ξυνθῆκαί
1076 2549 1185 2632 εἰσιν).
1229 2555 1314 2620 Nam
1337 2575 1403 2622 sae-

279 2654 411 2739 pissime
438 2650 527 2736 apud
554 2649 778 2734 Thucydidem
812 2647 913 2714 verba
947 2647 1076 2716 dicendi
1109 2650 1337 2736 cogitandique
1370 2653 1402 2717 in

280 2751 442 2818 notionem
471 2748 662 2829 voluntatis,
696 2747 837 2824 consilii,
872 2745 1061 2812 cohortandi
1088 2753 1271 2827 transeunt,
1305 2751 1403 2816 verba

282 2846 492 2926 voluntativa,
517 2846 663 2912 derivata
677 2844 919 2927 significatione,
941 2844 1085 2927 proxime
1102 2845 1260 2912 accedunt
1276 2847 1320 2912 ad
1336 2848 1401 2925 illa,

281 2945 365 3028 quod
380 2943 501 3028 optime
523 2941 639 3008 docent
661 2943 827 3025 exempla:
849 2939 977 3018 1,2o‚3
999 2953 1168 3026 προεῖπον
1180 2939 1401 3026 Ἐπιδαμνίων
1490 2989 1491 3002 ι

280 3067 316 3108 τε
338 3040 396 3107 τὸν
419 3039 626 3125 βουλόμενον
648 3037 806 3116 καὶτοὺς
829 3039 944 3118 ξένους
965 3035 1119 3116 ἀπαθεῖς
1140 3036 1288 3118 ἀπιέναι,
1313 3040 1346 3107 εἰ
1368 3042 1400 3107 δὲ
1490 3029 1491 3044 ’

281 3138 337 3226 μὴ,
361 3135 407 3216 ὡς
430 3139 609 3220 πολεμίους
628 3135 831 3223 χρήσεσθαι.
868 3136 956 3215 VIII,
975 3139 1026 3214 93,
1050 3137 1244 3221 tteyovcag
1266 3137 1347 3217 τούς
1368 3163 1400 3205 τε
1490 3183 1491 3222 3

281 3275 322 3284 -
344 3241 582 3322 τετρακοσίους
605 3233 760 3313 ἔσεσθαι,
783 3239 867 3310 τέως
886 3232 999 3314 δὲτὴν
1022 3230 1122 3297 πόλιν
1143 3233 1264 3320 μηδενὶ
1286 3235 1400 3322 τρόπφ

283 3335 503 3421 διαφθείρειν
532 3331 613 3420 μηδ’
638 3331 673 3410 ἐς
702 3331 780 3409 τοὺς
802 3333 987 3413 πολεμίους
1010 3326 1156 3409 ἀνῶσαι,
1193 3351 1276 3415 quae
1304 3335 1402 3400 verba

280 3432 419 3517 Haapius
437 3431 519 3498 false
540 3433 768 3515 interpretatus
797 3436 859 3508 est,
888 3433 973 3496 recte
995 3427 1217 3495 Heilmannus.
1260 3431 1329 3498 Sed
1348 3432 1399 3497 illo

281 3531 367 3607 loco,
401 3547 494 3611 quem
516 3549 602 3594 nunc
620 3535 819 3607 tractamus,
853 3526 1022 3611 quominus
1050 3525 1135 3592 hanc
1157 3527 1399 3612 explicationem

281 3645 466 3710 sequamur,
501 3625 636 3710 impedit
664 3623 770 3692 οὐδέν.
789 3627 929 3709 negatio.
973 3625 1052 3705 Quis
1079 3631 1186 3690 autem
1208 3625 1399 3702 Floeckio¹²)

282 3729 368 3807 (pag.
387 3727 436 3800 15)
459 3724 578 3804 credat,
601 3724 786 3807 scriptorem
802 3724 1046 3806 constructione,
1065 3741 1148 3806 qnae
1163 3721 1271 3790 verbis
1293 3717 1399 3790 volun·

282 4033 300 4086 b
352 3953 384 4016 ¹²)
394 3950 800 4086 (Sissrzseruationes'fhucydideac
817 3952 1014 4020 grammaticae.
1044 3951 1205 4010 Dissertatio
1222 3951 1313 4022 inaug.
1327 3951 1397 4006 Mar·

300 4032 390 4102 orgil
431 4045 453 4084 ·.
