2958 4868
385 459 427 514 De
444 458 577 514 vocalium
594 473 753 528 graecarum
770 459 938 530 hyphaeresi.
1054 431 1057 438 ⁴
1182 455 1222 520 93

105 629 311 712 comprobare
332 637 447 714 potest.
484 631 591 697 Etiam
612 631 686 698 aliis
707 632 741 696 in
761 631 902 698 lormiss
924 641 1034 719 antec
1058 632 1139 700 elisa
1154 652 1225 702 esse

103 745 165 792 non
187 733 274 793 recte
296 729 506 811 existimatur,
530 749 609 811 quas
631 729 715 795 inira
736 730 877 796 efferam.

186 827 215 887 2.
241 823 363 903 des-cg.

182 921 424 1008 Adjectivorum
446 925 480 990 in
502 924 635 1001 -οεε-ες
649 924 771 990 nullam
793 925 926 991 formam
941 925 1084 1008 repperi,
1108 945 1222 1008 quaes

102 1023 244 1089 vocalem
260 1022 417 1106 amiserit;
440 1043 515 1088 nam
531 1030 647 1107 poetae
663 1022 743 1106 epici
759 1023 848 1089 nullo
862 1022 1025 1106 adjectivo
1041 1023 1075 1088 in
1090 1022 1223 1100 -dcs-eg

101 1125 228 1186 utuntur
243 1120 306 1186 nisi
322 1117 493 1206 ἐπιδευής,
510 1121 596 1205 apud
608 1120 802 1187 Herodotum
817 1145 850 1187 εέ
865 1127 1011 1188 servatae
1026 1139 1098 1188 esse
1112 1119 1224 1186 viden·

102 1223 158 1300 tur,
181 1219 228 1284 sic
250 1221 283 1284 in
307 1217 424 1285 ἐνδέέα
449 1216 496 1302 (ΙΙ
523 1217 606 1305 108),
631 1217 796 1284 καταδεέα
820 1219 864 1294 (ΙΙ
886 1221 954 1300 121,
979 1221 1010 1295 2)
1034 1237 1075 1284 ex
1097 1224 1223 1284 senten·

101 1315 144 1380 tia
165 1315 307 1382 Bredovi
330 1313 384 1400 (D.
408 1317 447 1381 D.
471 1317 623 1384 Herodot.
646 1314 733 1402 257).
771 1315 849 1381 (lum
872 1323 978 1382 autem
1002 1315 1091 1382 Stein
1114 1315 1148 1380 in
1172 1313 1222 1382 ed

102 1413 164 1477 orit.
187 1415 326 1498 optimos
348 1413 475 1480 codices
497 1421 622 1481 secutus
649 1413 764 1490 ἐνδεᾶ,
798 1413 945 1479 καταδεᾶ
975 1413 1109 1492 scribat,
1139 1431 1221 1496 quae

101 1509 194 1576 attica
217 1513 398 1596 complexio
420 1513 510 1578 nulla
531 1514 563 1578 in
587 1513 653 1578 alia
674 1532 752 1580 voce
774 1512 899 1595 legitur,
923 1517 1066 1596 praestat
1086 1509 1222 1578 fortasse

101 1603 206 1691 λκδέα,
223 1609 372 1676 accedia
387 1611 534 1694 scribere,
551 1611 680 1677 alteras
696 1611 777 1677 elisa
792 1617 827 1674 nt
838 1610 872 1674 in
889 1613 1014 1693 φοβέαι
1028 1607 1221 1688 cet.ci.§tl.

182 1709 211 1772 3.
236 1707 380 1784 ates-sc.
1199 1713 1201 1720 ’

181 1805 324 1872 Nomina
344 1807 378 1872 in
400 1804 552 1881 -rrlsc-cc
574 1804 646 1870 aliis
668 1805 702 1869 in
718 1803 864 1870 dialectis
878 1805 943 1869 elio
966 1802 1061 1870 modo
1083 1810 1222 1870 tractan-

101 1907 155 1980 tur,
184 1905 294 1986 itaquo
316 1903 532 1970 necessarium
555 1901 690 1982 videtur,
719 1903 896 1968 accuratius
925 1902 1108 1986 explorare,
1138 1921 1221 1984 quae

100 1999 280 2085 in'quaque
302 2000 439 2067 dialecto
463 2007 628 2083 correptae
652 1999 773 2065 formae
795 2007 931 2065 exstent.

181 2100 219 2164 ln
257 2099 345 2182 spico
373 2104 480 2163 autem
510 2097 648 2162 dialecto
676 2095 775 2181 ipsius
810 2097 999 2164 substantivi
1032 2098 1129 2175 κλέος
1162 2098 1220 2164 has

100 2195 214 2262 formas
244 2196 397 2278 legimus:
435 2195 532 2271 κλέος
554 2216 639 2260 nom.
663 2204 694 2262 et
721 2215 825 2260 aecus.
849 2195 930 2278 sing.
953 2201 985 2262 et
1007 2196 1103 2278 κλέα,
1134 2194 1220 2277 quod

101 2313 221 2378 semper
243 2295 277 2358 in
299 2293 435 2358 formula
457 2293 613 2376 reperitur
635 2295 715 2359 κλέα
730 2289 861 2375 ἀνδρῶν
884 2296 1000 2375 (1189,
1018 2297 1089 2375 524,
1105 2297 1133 2358 0
1149 2296 1218 2373 73);

100 2411 188 2474 quam
204 2393 374 2457 formulam
389 2390 531 2456 imitatus
547 2391 696 2474 Apellen.
713 2390 815 2455 Rhod.
830 2390 866 2474 (I,
879 2397 906 2468 t)
922 2391 1048 2476 scripsit
1059 2391 1220 2476 κλέαφω-

100 2496 170 2554 τῶν.
190 2501 230 2553 ἀ
252 2490 350 2573 igitur
371 2490 405 2554 in
429 2488 508 2554 κλέα
531 2499 645 2554 natura
667 2489 765 2570 longa
787 2493 851 2568 est,
874 2489 932 2554 sed
955 2489 1122 2572 corripitur
1143 2495 1220 2553 ante

100 2589 273 2670 proximam
296 2587 451 2652 vocalem.
497 2587 538 2650 Et
560 2586 679 2670 duplici
701 2584 830 2667 quidem
853 2585 948 2653 modo
976 2586 1056 2652 haee
1078 2607 1099 2648 α
1121 2585 1220 2668 longa

101 2686 251 2769 explicari
273 2691 387 2768 potest.
432 2684 581 2764 Primum,
605 2691 640 2747 ut
662 2682 823 2764 Brugman
847 2679 952 2764 (stud.
969 2681 1023 2764 IV,
1043 2680 1116 2766 164)
1140 2681 1217 2764 vult,

99 2781 161 2848 fieri
188 2782 294 2868 potuit
321 2789 355 2846 ut
382 2783 488 2865 prisca
515 2782 617 2846 lorma
652 2781 828 2845 ates-coo
858 2781 891 2846 in
921 2781 1073 2866 κλη-ε-α,
1108 2779 1219 2865 κλη-α,

101 2881 178 2946 κλέᾶ·
202 2885 460 2946 commutaretur.
511 2877 576 2945 Sed
595 2877 665 2960 jam
687 2877 757 2961 ipse
778 2879 939 2958 Brugman
961 2877 994 2960 (l.
1019 2877 1038 2942 l.
1065 2880 1137 2952 175)
1166 2896 1220 2942 ex·

101 2979 215 3060 posuit,
251 2977 339 3062 apud
362 2977 533 3042 Homerum
561 2996 627 3040 non
656 2994 782 3060 semper
811 2999 831 3040 s
858 2995 929 3042 oum
958 2974 1219 3058 compensatione

101 3075 182 3156 elidi,
205 3081 243 3140 ut
256 3075 291 3139 in
307 3067 466 3158 ἇγακλέες
482 3081 552 3156 cet,
575 3081 641 3138 tum
657 3093 819 3155 nunquam
842 3093 900 3156 pro
917 3073 988 3156 ipso
1005 3073 1101 3149 κλέος
1117 3073 1217 3158 κληος

100 3171 130 3236 in
156 3193 214 3238 usu
245 3180 327 3254 erat,
358 3172 476 3238 deinde
503 3172 639 3254 legimus
666 3171 700 3236 in
729 3170 803 3236 Hes.
827 3172 948 3253 Theog.
978 3191 1008 3236 v.
1035 3175 1093 3236 100
1123 3170 1218 3234 κλεῖα

101 3275 272 3353 προτέρων
288 3266 492 3354 ἀνθρώπων,
517 3268 611 3351 quod,
629 3267 800 3350 dummodo
816 3288 857 3334 ne
872 3275 1046 3334 commutes
1065 3269 1099 3334 in
1114 3268 1217 3352 -κλῇα

100 3373 204 3434 contra
214 3365 365 3432 traditam
381 3368 560 3448 lectionem,
571 3371 765 3431 contractum
778 3384 848 3431 esse
860 3365 985 3433 videtur·
1000 3385 1039 3432 ex
1050 3366 1149 3431 κλέεα
1160 3387 1217 3450 pro

103 3462 283 3531 alas-co-c.
319 3465 432 3546 Itaque
454 3463 530 3530 lieet
544 3463 709 3546 suspicari,
732 3463 828 3529 etiam
851 3463 931 3528 κλέα
947 3483 988 3529 ex
1003 3463 1101 3528 κλεεᾶ
1115 3469 1218 3530 ortum

102 3577 167 3627 esse
181 3563 284 3627 altera
300 3585 315 3626 ε
334 3561 422 3640 elisa,
439 3559 672 3628 terminationis
687 3567 795 3632 autern
810 3561 1025 3627 vetustissima
1039 3560 1217 3642 quantitate
1338 3591 1341 3598 ·

102 3667 236 3738 servata,
265 3667 300 3724 ut
322 3665 360 3722 Λ
383 3661 444 3724 678
469 3660 501 3738 (ξ
524 3661 595 3733 100)
619 3654 715 3723 πώεα
738 3656 834 3739 οἰῶν,
867 3664 903 3722 Ν
921 3661 961 3722 12
990 3654 1125 3743 ἄφθιτα
1147 3656 1217 3726 αἰεί

102 3755 148 3828 (oi.
169 3757 281 3822 Hartel
311 3755 425 3837 „Hom
454 3749 568 3821 Stud.“
590 3753 620 3835 1,
645 3759 708 3831 ts).
751 3755 921 3839 Adjcctiva
949 3774 1074 3838 quoque
1102 3752 1216 3836 ἀκλέα,

105 3849 252 3933 donalia,
281 3873 364 3936 quae
392 3852 482 3919 initio
504 3873 615 3919 versus
637 3852 786 3935 leguntur
814 3851 844 3931 (d
867 3855 929 3918 728
958 3851 1074 3918 Άκλέα
1097 3851 1134 3919 ἐκ
1156 3877 1217 3935 με·

104 3946 216 4034 γάρωκ,
239 3956 270 4016 Β
288 3956 357 4029 115,
375 3956 393 4014 1
408 3954 448 4014 22
463 3952 613 4028 Δοςκλέα
629 3946 746 4033 Ἄργος
764 3949 927 4031 ἱκέσθαι),
949 3951 991 4016 ab
1007 3946 1124 4038 ἀκληα,
1141 3951 1217 4028 (λος-

105 4046 181 4133 κληα
209 4049 395 4133 quantitatis
423 4049 671 4131 transpositione
700 4055 769 4116 orta
793 4067 864 4115 esse
893 4049 1087 4131 negaverim.
1132 4049 1216 4116 Nam
