<?xml version="1.0" encoding="UTF-8"?>
<!DOCTYPE html PUBLIC "-//W3C//DTD XHTML 1.0 Transitional//EN"
    "http://www.w3.org/TR/xhtml1/DTD/xhtml1-transitional.dtd">
<html xmlns="http://www.w3.org/1999/xhtml" xml:lang="en" lang="en">
 <head>
  <title>
</title>
<meta http-equiv="Content-Type" content="text/html;charset=utf-8" />
  <meta name='ocr-system' content='tesseract 3.04.00' />
  <meta name='ocr-capabilities' content='ocr_page ocr_carea ocr_par ocr_line ocrx_word'/>
</head>
<body>
  <div class='ocr_page' id='page_1' title='image "./studienzurgriec02vanigoog_0206.png"; bbox 0 0 2954 4866; ppageno 0'>
   <div class='ocr_carea' id='block_1_1' title="bbox 391 921 1341 1170">
    <p class='ocr_par' dir='ltr' id='par_1_1' title="bbox 391 921 1341 1170">
     <span class='ocr_line' id='line_1_1' title="bbox 765 921 978 1000; baseline -0.005 0"><span class='ocrx_word' id='word_1_1' title='bbox 765 921 890 1000; x_wconf 76' lang='lat' dir='ltr'><strong>Garun</strong></span> <span class='ocrx_word' id='word_1_2' title='bbox 911 923 978 1000; x_wconf 85' lang='lat' dir='ltr'><strong>VI.</strong></span> 
     </span>
     <span class='ocr_line' id='line_1_2' title="bbox 391 1093 1341 1170; baseline -0.008 -2"><span class='ocrx_word' id='word_1_3' title='bbox 391 1103 450 1170; x_wconf 79' lang='grc' dir='ltr'><strong>ΒΕ</strong></span> <span class='ocrx_word' id='word_1_4' title='bbox 473 1100 654 1168; x_wconf 72' lang='lat' dir='ltr'><strong>onustus</strong></span> <span class='ocrx_word' id='word_1_5' title='bbox 682 1099 1075 1168; x_wconf 81' lang='lat' dir='ltr'>DISTRAOTIONIBUS</span> <span class='ocrx_word' id='word_1_6' title='bbox 1097 1093 1341 1164; x_wconf 82' lang='lat' dir='ltr'><strong>HOMERIOIS.</strong></span> 
     </span>
    </p>
   </div>
   <div class='ocr_carea' id='block_1_2' title="bbox 259 1239 1410 1422">
    <p class='ocr_par' dir='ltr' id='par_1_2' title="bbox 259 1239 1410 1422">
     <span class='ocr_line' id='line_1_3' title="bbox 259 1239 1410 1348; baseline -0.013 -23"><span class='ocrx_word' id='word_1_7' title='bbox 259 1335 269 1348; x_wconf 22' lang='grc' dir='ltr'>κ</span> <span class='ocrx_word' id='word_1_8' title='bbox 390 1255 465 1324; x_wconf 78' lang='lat' dir='ltr'><strong>lam</strong></span> <span class='ocrx_word' id='word_1_9' title='bbox 480 1259 589 1335; x_wconf 86' lang='lat' dir='ltr'><strong>restat,</strong></span> <span class='ocrx_word' id='word_1_10' title='bbox 612 1258 647 1318; x_wconf 90' lang='lat' dir='ltr'><strong>ut</strong></span> <span class='ocrx_word' id='word_1_11' title='bbox 668 1254 779 1337; x_wconf 88' lang='lat' dir='ltr'><strong>paucis</strong></span> <span class='ocrx_word' id='word_1_12' title='bbox 795 1253 837 1320; x_wconf 91' lang='lat' dir='ltr'><strong>de</strong></span> <span class='ocrx_word' id='word_1_13' title='bbox 852 1255 898 1321; x_wconf 90' lang='lat' dir='ltr'><strong>eis</strong></span> <span class='ocrx_word' id='word_1_14' title='bbox 913 1253 1045 1319; x_wconf 89' lang='lat' dir='ltr'><strong>vocibus</strong></span> <span class='ocrx_word' id='word_1_15' title='bbox 1068 1239 1172 1333; x_wconf 59' lang='lat' dir='ltr'><strong>agam,</strong></span> <span class='ocrx_word' id='word_1_16' title='bbox 1196 1269 1280 1332; x_wconf 88' lang='lat' dir='ltr'><strong>quae</strong></span> <span class='ocrx_word' id='word_1_17' title='bbox 1302 1253 1410 1332; x_wconf 84' lang='lat' dir='ltr'><strong>praeter</strong></span> 
     </span>
     <span class='ocr_line' id='line_1_4' title="bbox 305 1346 1410 1422; baseline -0.014 0"><span class='ocrx_word' id='word_1_18' title='bbox 305 1354 406 1422; x_wconf 85' lang='lat' dir='ltr'><strong>verba</strong></span> <span class='ocrx_word' id='word_1_19' title='bbox 427 1353 461 1418; x_wconf 91' lang='lat' dir='ltr'><strong>in</strong></span> <span class='ocrx_word' id='word_1_20' title='bbox 483 1375 550 1416; x_wconf 83' lang='lat' dir='ltr'><strong>-co</strong></span> <span class='ocrx_word' id='word_1_21' title='bbox 567 1351 699 1418; x_wconf 82' lang='grc'><strong>61661661</strong></span> <span class='ocrx_word' id='word_1_22' title='bbox 717 1350 801 1417; x_wconf 88' lang='grc'><strong>61661</strong></span> <span class='ocrx_word' id='word_1_23' title='bbox 816 1351 1030 1418; x_wconf 77' lang='lat' dir='ltr'><strong>credebantur</strong></span> <span class='ocrx_word' id='word_1_24' title='bbox 1050 1348 1104 1414; x_wconf 87' lang='lat' dir='ltr'><strong>vel</strong></span> <span class='ocrx_word' id='word_1_25' title='bbox 1118 1347 1225 1412; x_wconf 88' lang='lat' dir='ltr'><strong>adhuc</strong></span> <span class='ocrx_word' id='word_1_26' title='bbox 1247 1346 1410 1414; x_wconf 78' lang='lat' dir='ltr'><strong>ereduntur,</strong></span> 
     </span>
    </p>
   </div>
   <div class='ocr_carea' id='block_1_3' title="bbox 233 1461 1462 3686">
    <p class='ocr_par' dir='ltr' id='par_1_3' title="bbox 394 1461 748 1526">
     <span class='ocr_line' id='line_1_5' title="bbox 394 1461 748 1526; baseline 0 0"><span class='ocrx_word' id='word_1_27' title='bbox 394 1467 421 1526; x_wconf 91' lang='lat'><strong>1.</strong></span> <span class='ocrx_word' id='word_1_28' title='bbox 457 1461 590 1526; x_wconf 89' lang='lat' dir='ltr'><strong>Verba</strong></span> <span class='ocrx_word' id='word_1_29' title='bbox 610 1461 651 1526; x_wconf 92' lang='grc'><strong>16</strong></span> <span class='ocrx_word' id='word_1_30' title='bbox 672 1485 748 1526; x_wconf 83' lang='grc' dir='ltr'><strong><em>-οω,</em></strong></span> 
     </span>
    </p>

    <p class='ocr_par' dir='ltr' id='par_1_4' title="bbox 233 1556 1411 1837">
     <span class='ocr_line' id='line_1_6' title="bbox 391 1556 1411 1643; baseline -0.008 -19"><span class='ocrx_word' id='word_1_31' title='bbox 391 1560 551 1642; x_wconf 82' lang='lat' dir='ltr'><strong>Exempla</strong></span> <span class='ocrx_word' id='word_1_32' title='bbox 572 1559 606 1623; x_wconf 93' lang='lat' dir='ltr'><strong>in</strong></span> <span class='ocrx_word' id='word_1_33' title='bbox 629 1559 743 1641; x_wconf 90' lang='lat' dir='ltr'><strong>quibus</strong></span> <span class='ocrx_word' id='word_1_34' title='bbox 764 1559 851 1643; x_wconf 88' lang='lat' dir='ltr'><strong>prior</strong></span> <span class='ocrx_word' id='word_1_35' title='bbox 873 1557 1163 1624; x_wconf 74' lang='lat' dir='ltr'><strong>contrahendarum</strong></span> <span class='ocrx_word' id='word_1_36' title='bbox 1184 1556 1343 1623; x_wconf 88' lang='lat' dir='ltr'><strong>vocalium</strong></span> <span class='ocrx_word' id='word_1_37' title='bbox 1357 1573 1411 1638; x_wconf 86' lang='lat' dir='ltr'><strong>pro·</strong></span> 
     </span>
     <span class='ocr_line' id='line_1_7' title="bbox 233 1651 1410 1736; baseline -0.005 -16"><span class='ocrx_word' id='word_1_38' title='bbox 233 1713 237 1720; x_wconf 91' lang='lat'>.</span> <span class='ocrx_word' id='word_1_39' title='bbox 307 1655 405 1722; x_wconf 90' lang='lat' dir='ltr'><strong>ducta</strong></span> <span class='ocrx_word' id='word_1_40' title='bbox 425 1655 597 1736; x_wconf 88' lang='lat' dir='ltr'><strong>invenitur,</strong></span> <span class='ocrx_word' id='word_1_41' title='bbox 620 1657 710 1721; x_wconf 86' lang='lat' dir='ltr'><strong>velut</strong></span> <span class='ocrx_word' id='word_1_42' title='bbox 731 1651 927 1732; x_wconf 79' lang='grc' dir='ltr'><strong><em>ὑπνώοντας</em></strong></span> <span class='ocrx_word' id='word_1_43' title='bbox 951 1653 1102 1721; x_wconf 78' lang='grc' dir='ltr'><strong><em>σώεσκον</em></strong></span> <span class='ocrx_word' id='word_1_44' title='bbox 1125 1656 1168 1720; x_wconf 87' lang='grc'><strong>61.</strong></span> <span class='ocrx_word' id='word_1_45' title='bbox 1186 1655 1308 1736; x_wconf 86' lang='lat' dir='ltr'><strong>omitto,</strong></span> <span class='ocrx_word' id='word_1_46' title='bbox 1331 1671 1410 1734; x_wconf 89' lang='lat' dir='ltr'><strong>quon·</strong></span> 
     </span>
     <span class='ocr_line' id='line_1_8' title="bbox 305 1752 955 1837; baseline -0.005 -19"><span class='ocrx_word' id='word_1_47' title='bbox 305 1754 370 1819; x_wconf 90' lang='lat' dir='ltr'><strong>iam</strong></span> <span class='ocrx_word' id='word_1_48' title='bbox 394 1752 435 1818; x_wconf 91' lang='lat' dir='ltr'><strong>de</strong></span> <span class='ocrx_word' id='word_1_49' title='bbox 456 1753 506 1818; x_wconf 91' lang='lat' dir='ltr'><strong>his</strong></span> <span class='ocrx_word' id='word_1_50' title='bbox 525 1752 593 1836; x_wconf 89' lang='lat' dir='ltr'><strong>jam</strong></span> <span class='ocrx_word' id='word_1_51' title='bbox 617 1752 736 1818; x_wconf 89' lang='lat' dir='ltr'><strong>dictum</strong></span> <span class='ocrx_word' id='word_1_52' title='bbox 759 1759 808 1820; x_wconf 90' lang='lat' dir='ltr'><strong>est</strong></span> <span class='ocrx_word' id='word_1_53' title='bbox 828 1773 860 1837; x_wconf 92' lang='lat' dir='ltr'><strong>p.</strong></span> <span class='ocrx_word' id='word_1_54' title='bbox 886 1755 955 1816; x_wconf 89' lang='grc'><strong>161.</strong></span> 
     </span>
    </p>

    <p class='ocr_par' dir='ltr' id='par_1_5' title="bbox 306 1848 1411 2229">
     <span class='ocr_line' id='line_1_9' title="bbox 364 1848 1410 1932; baseline -0.011 -12"><span class='ocrx_word' id='word_1_55' title='bbox 364 1906 372 1920; x_wconf 93' lang='lat'>.</span> <span class='ocrx_word' id='word_1_56' title='bbox 391 1849 527 1916; x_wconf 84' lang='lat' dir='ltr'><strong>Formae</strong></span> <span class='ocrx_word' id='word_1_57' title='bbox 548 1851 693 1932; x_wconf 79' lang='lat' dir='ltr'><strong>integrae</strong></span> <span class='ocrx_word' id='word_1_58' title='bbox 714 1858 837 1932; x_wconf 84' lang='lat' dir='ltr'><strong>autem,</strong></span> <span class='ocrx_word' id='word_1_59' title='bbox 875 1869 1007 1932; x_wconf 89' lang='lat' dir='ltr'><strong>quorum</strong></span> <span class='ocrx_word' id='word_1_60' title='bbox 1028 1849 1118 1932; x_wconf 89' lang='lat' dir='ltr'><strong>prior</strong></span> <span class='ocrx_word' id='word_1_61' title='bbox 1138 1848 1262 1914; x_wconf 86' lang='lat' dir='ltr'><strong>vocalis</strong></span> <span class='ocrx_word' id='word_1_62' title='bbox 1284 1851 1410 1929; x_wconf 72' lang='lat' dir='ltr'><strong>correpta</strong></span> 
     </span>
     <span class='ocr_line' id='line_1_10' title="bbox 306 1941 1411 2034; baseline -0.005 -21"><span class='ocrx_word' id='word_1_63' title='bbox 306 1955 365 2030; x_wconf 90' lang='lat' dir='ltr'><strong>est,</strong></span> <span class='ocrx_word' id='word_1_64' title='bbox 395 1948 602 2014; x_wconf 90' lang='lat' dir='ltr'><strong>inveniuntur</strong></span> <span class='ocrx_word' id='word_1_65' title='bbox 624 1945 750 2034; x_wconf 79' lang='grc' dir='ltr'><strong><em>δηϊόων</em></strong></span> <span class='ocrx_word' id='word_1_66' title='bbox 772 1953 802 2012; x_wconf 87' lang='grc' dir='ltr'><em>Ρ</em></span> <span class='ocrx_word' id='word_1_67' title='bbox 821 1951 893 2012; x_wconf 94' lang='grc'><strong>566.</strong></span> <span class='ocrx_word' id='word_1_68' title='bbox 916 1952 945 2010; x_wconf 79' lang='grc' dir='ltr'><em>Σ</em></span> <span class='ocrx_word' id='word_1_69' title='bbox 967 1949 1036 2010; x_wconf 84' lang='grc'><strong>195.</strong></span> <span class='ocrx_word' id='word_1_70' title='bbox 1063 1949 1098 2010; x_wconf 80' lang='grc' dir='ltr'><em>Ψ</em></span> <span class='ocrx_word' id='word_1_71' title='bbox 1119 1950 1188 2027; x_wconf 93' lang='grc'><strong>176,</strong></span> <span class='ocrx_word' id='word_1_72' title='bbox 1219 1941 1330 2030; x_wconf 92' lang='grc' dir='ltr'><strong><em>ἀρόων</em></strong></span> <span class='ocrx_word' id='word_1_73' title='bbox 1352 1945 1411 2010; x_wconf 89' lang='lat' dir='ltr'><strong>Hes.</strong></span> 
     </span>
     <span class='ocr_line' id='line_1_11' title="bbox 306 2027 1411 2131; baseline -0.005 -20"><span class='ocrx_word' id='word_1_74' title='bbox 306 2043 389 2128; x_wconf 88' lang='lat' dir='ltr'><strong>Opp.</strong></span> <span class='ocrx_word' id='word_1_75' title='bbox 423 2049 501 2128; x_wconf 89' lang='grc'><strong>466,</strong></span> <span class='ocrx_word' id='word_1_76' title='bbox 538 2042 645 2131; x_wconf 83' lang='grc' dir='ltr'><strong><em>ἀρόῃς</em></strong></span> <span class='ocrx_word' id='word_1_77' title='bbox 674 2047 746 2110; x_wconf 81' lang='grc'><strong>479.</strong></span> <span class='ocrx_word' id='word_1_78' title='bbox 794 2027 1027 2128; x_wconf 82' lang='lat' dir='ltr'><strong>&#39;Explicatione</strong></span> <span class='ocrx_word' id='word_1_79' title='bbox 1060 2065 1127 2110; x_wconf 90' lang='grc'><strong>666</strong></span> <span class='ocrx_word' id='word_1_80' title='bbox 1163 2063 1244 2127; x_wconf 91' lang='lat' dir='ltr'><strong>opus</strong></span> <span class='ocrx_word' id='word_1_81' title='bbox 1277 2050 1335 2109; x_wconf 88' lang='grc'><strong>661.</strong></span> <span class='ocrx_word' id='word_1_82' title='bbox 1374 2043 1411 2106; x_wconf 85' lang='lat' dir='ltr'><strong>lle</strong></span> 
     </span>
     <span class='ocr_line' id='line_1_12' title="bbox 307 2138 1301 2229; baseline -0.004 -23"><span class='ocrx_word' id='word_1_83' title='bbox 307 2138 423 2218; x_wconf 90' lang='grc' dir='ltr'><strong><em>σόωσι,</em></strong></span> <span class='ocrx_word' id='word_1_84' title='bbox 448 2141 541 2229; x_wconf 85' lang='grc' dir='ltr'><strong><em>σόης,</em></strong></span> <span class='ocrx_word' id='word_1_85' title='bbox 566 2140 664 2228; x_wconf 84' lang='grc' dir='ltr'><strong><em>σόῳς,</em></strong></span> <span class='ocrx_word' id='word_1_86' title='bbox 688 2139 762 2228; x_wconf 87' lang='grc' dir='ltr'><strong>σόῃ,</strong></span> <span class='ocrx_word' id='word_1_87' title='bbox 786 2141 1157 2228; x_wconf 74' lang='grc'><strong>66616666666661166</strong></span> <span class='ocrx_word' id='word_1_88' title='bbox 1178 2145 1301 2223; x_wconf 84' lang='lat' dir='ltr'><strong>agetur.</strong></span> 
     </span>
    </p>

    <p class='ocr_par' dir='ltr' id='par_1_6' title="bbox 305 2237 1462 2808">
     <span class='ocr_line' id='line_1_13' title="bbox 391 2237 1462 2322; baseline -0.003 -18"><span class='ocrx_word' id='word_1_89' title='bbox 391 2238 458 2304; x_wconf 87' lang='lat' dir='ltr'><strong>Sed</strong></span> <span class='ocrx_word' id='word_1_90' title='bbox 472 2244 601 2322; x_wconf 88' lang='lat' dir='ltr'><strong>praeter</strong></span> <span class='ocrx_word' id='word_1_91' title='bbox 612 2237 671 2305; x_wconf 89' lang='lat' dir='ltr'><strong>has</strong></span> <span class='ocrx_word' id='word_1_92' title='bbox 683 2247 715 2306; x_wconf 97' lang='grc'><strong>61</strong></span> <span class='ocrx_word' id='word_1_93' title='bbox 726 2247 906 2306; x_wconf 87' lang='lat' dir='ltr'><strong>contractas</strong></span> <span class='ocrx_word' id='word_1_94' title='bbox 921 2240 1007 2305; x_wconf 86' lang='lat' dir='ltr'><strong>aliae</strong></span> <span class='ocrx_word' id='word_1_95' title='bbox 1019 2257 1146 2322; x_wconf 91' lang='lat' dir='ltr'><strong>quoque</strong></span> <span class='ocrx_word' id='word_1_96' title='bbox 1157 2244 1288 2304; x_wconf 79' lang='lat' dir='ltr'><strong>exstant</strong></span> <span class='ocrx_word' id='word_1_97' title='bbox 1297 2237 1410 2312; x_wconf 82' lang='lat' dir='ltr'><strong>formae,</strong></span> <span class='ocrx_word' id='word_1_98' title='bbox 1461 2305 1462 2320; x_wconf 20' lang='lat'>¹</span> 
     </span>
     <span class='ocr_line' id='line_1_14' title="bbox 305 2333 1409 2421; baseline -0.005 -19"><span class='ocrx_word' id='word_1_99' title='bbox 305 2356 388 2420; x_wconf 91' lang='lat' dir='ltr'><strong>quae</strong></span> <span class='ocrx_word' id='word_1_100' title='bbox 405 2336 581 2403; x_wconf 74' lang='lat' dir='ltr'><strong>&#39;distractae</strong></span> <span class='ocrx_word' id='word_1_101' title='bbox 603 2355 675 2404; x_wconf 85' lang='lat' dir='ltr'><strong>esse</strong></span> <span class='ocrx_word' id='word_1_102' title='bbox 696 2338 847 2403; x_wconf 89' lang='lat' dir='ltr'><strong>videntur</strong></span> <span class='ocrx_word' id='word_1_103' title='bbox 874 2348 892 2404; x_wconf 89' lang='lat' dir='ltr'><strong>e</strong></span> <span class='ocrx_word' id='word_1_104' title='bbox 916 2337 1105 2402; x_wconf 81' lang='lat' dir='ltr'><strong>contractis:</strong></span> <span class='ocrx_word' id='word_1_105' title='bbox 1139 2333 1282 2421; x_wconf 81' lang='grc' dir='ltr'><strong><em>δηιόῳεν</em></strong></span> <span class='ocrx_word' id='word_1_106' title='bbox 1313 2333 1409 2406; x_wconf 78' lang='lat' dir='ltr'><strong>etto,</strong></span> 
     </span>
     <span class='ocr_line' id='line_1_15' title="bbox 306 2425 1462 2521; baseline -0.006 -21"><span class='ocrx_word' id='word_1_107' title='bbox 306 2433 489 2521; x_wconf 77' lang='grc' dir='ltr'><strong><em>δηϊόωντες</em></strong></span> <span class='ocrx_word' id='word_1_108' title='bbox 512 2441 551 2498; x_wconf 96' lang='grc' dir='ltr'><em>Λ</em></span> <span class='ocrx_word' id='word_1_109' title='bbox 576 2437 651 2510; x_wconf 86' lang='grc'><strong>153,</strong></span> <span class='ocrx_word' id='word_1_110' title='bbox 681 2432 811 2518; x_wconf 82' lang='grc' dir='ltr'><strong><em>ἀρόωσι</em></strong></span> <span class='ocrx_word' id='word_1_111' title='bbox 834 2459 847 2498; x_wconf 95' lang='grc' dir='ltr'><strong><em>ι</em></strong></span> <span class='ocrx_word' id='word_1_112' title='bbox 872 2436 931 2498; x_wconf 88' lang='lat'><strong>108</strong></span> <span class='ocrx_word' id='word_1_113' title='bbox 961 2431 1106 2519; x_wconf 69' lang='lat' dir='ltr'><strong>(doo&#39;rpg‘l</strong></span> <span class='ocrx_word' id='word_1_114' title='bbox 1138 2433 1213 2498; x_wconf 85' lang='lat' dir='ltr'><strong>Hes.</strong></span> <span class='ocrx_word' id='word_1_115' title='bbox 1238 2431 1321 2517; x_wconf 85' lang='lat' dir='ltr'><strong>Opp.</strong></span> <span class='ocrx_word' id='word_1_116' title='bbox 1341 2433 1408 2504; x_wconf 82' lang='grc'><strong>479),</strong></span> <span class='ocrx_word' id='word_1_117' title='bbox 1461 2425 1462 2480; x_wconf 65' lang='lat' dir='ltr'><strong>l</strong></span> 
     </span>
     <span class='ocr_line' id='line_1_16' title="bbox 307 2525 1409 2612; baseline -0.005 -16"><span class='ocrx_word' id='word_1_118' title='bbox 307 2530 434 2598; x_wconf 81' lang='grc' dir='ltr'><strong><em>δυόωσι</em></strong></span> <span class='ocrx_word' id='word_1_119' title='bbox 463 2531 492 2606; x_wconf 81' lang='lat' dir='ltr'><strong>l?</strong></span> <span class='ocrx_word' id='word_1_120' title='bbox 521 2531 898 2608; x_wconf 75' lang='lat' dir='ltr'><strong>r.Lob.Rhem.18til.</strong></span> <span class='ocrx_word' id='word_1_121' title='bbox 948 2534 998 2596; x_wconf 91' lang='lat' dir='ltr'><strong>De</strong></span> <span class='ocrx_word' id='word_1_122' title='bbox 1020 2532 1092 2596; x_wconf 88' lang='lat' dir='ltr'><strong>aliis</strong></span> <span class='ocrx_word' id='word_1_123' title='bbox 1119 2531 1247 2612; x_wconf 83' lang='lat' dir='ltr'><strong>formis,</strong></span> <span class='ocrx_word' id='word_1_124' title='bbox 1278 2549 1355 2612; x_wconf 90' lang='grc'><strong>6666</strong></span> <span class='ocrx_word' id='word_1_125' title='bbox 1377 2525 1409 2591; x_wconf 88' lang='lat' dir='ltr'><strong>ad</strong></span> 
     </span>
     <span class='ocr_line' id='line_1_17' title="bbox 305 2622 1409 2712; baseline -0.006 -19"><span class='ocrx_word' id='word_1_126' title='bbox 305 2629 406 2694; x_wconf 85' lang='lat' dir='ltr'><strong>verba</strong></span> <span class='ocrx_word' id='word_1_127' title='bbox 427 2629 463 2692; x_wconf 93' lang='lat' dir='ltr'><strong>in</strong></span> <span class='ocrx_word' id='word_1_128' title='bbox 483 2652 548 2692; x_wconf 89' lang='grc' dir='ltr'><strong>-οω</strong></span> <span class='ocrx_word' id='word_1_129' title='bbox 571 2630 718 2694; x_wconf 86' lang='lat' dir='ltr'><strong>nonnulli</strong></span> <span class='ocrx_word' id='word_1_130' title='bbox 739 2635 929 2695; x_wconf 80' lang='lat' dir='ltr'><strong>revenerunt</strong></span> <span class='ocrx_word' id='word_1_131' title='bbox 951 2634 990 2703; x_wconf 87' lang='grc'><strong>(6.</strong></span> <span class='ocrx_word' id='word_1_132' title='bbox 1006 2649 1037 2712; x_wconf 84' lang='lat' dir='ltr'><strong>g.</strong></span> <span class='ocrx_word' id='word_1_133' title='bbox 1053 2629 1268 2694; x_wconf 89' lang='lat' dir='ltr'><strong>Buttmannus</strong></span> <span class='ocrx_word' id='word_1_134' title='bbox 1290 2622 1409 2706; x_wconf 80' lang='grc' dir='ltr'><strong><em>ἐσχοτό</em></strong></span> 
     </span>
     <span class='ocr_line' id='line_1_18' title="bbox 306 2723 1160 2808; baseline 0.001 -19"><span class='ocrx_word' id='word_1_135' title='bbox 306 2749 405 2804; x_wconf 90' lang='grc' dir='ltr'><strong><em>ωντα,</em></strong></span> <span class='ocrx_word' id='word_1_136' title='bbox 438 2723 692 2806; x_wconf 79' lang='grc' dir='ltr'><strong><em>ἐστρατόωντο),</em></strong></span> <span class='ocrx_word' id='word_1_137' title='bbox 715 2746 745 2790; x_wconf 86' lang='lat' dir='ltr'><strong>v.</strong></span> <span class='ocrx_word' id='word_1_138' title='bbox 768 2726 847 2790; x_wconf 81' lang='lat' dir='ltr'><strong>tob.</strong></span> <span class='ocrx_word' id='word_1_139' title='bbox 870 2727 982 2792; x_wconf 84' lang='lat' dir='ltr'><strong>Rhem.</strong></span> <span class='ocrx_word' id='word_1_140' title='bbox 1008 2729 1068 2790; x_wconf 77' lang='lat'><strong>182</strong></span> <span class='ocrx_word' id='word_1_141' title='bbox 1091 2745 1160 2808; x_wconf 87' lang='lat' dir='ltr'><strong>sqq.</strong></span> 
     </span>
    </p>

    <p class='ocr_par' dir='ltr' id='par_1_7' title="bbox 280 2821 1462 3698">
     <span class='ocr_line' id='line_1_19' title="bbox 392 2821 1407 2904; baseline -0.005 -18"><span class='ocrx_word' id='word_1_142' title='bbox 392 2824 442 2888; x_wconf 92' lang='lat' dir='ltr'><strong>De</strong></span> <span class='ocrx_word' id='word_1_143' title='bbox 463 2823 529 2888; x_wconf 88' lang='lat' dir='ltr'><strong>illis</strong></span> <span class='ocrx_word' id='word_1_144' title='bbox 543 2823 792 2902; x_wconf 79' lang='lat' dir='ltr'><strong>Buttmannus§</strong></span> <span class='ocrx_word' id='word_1_145' title='bbox 812 2829 880 2904; x_wconf 89' lang='grc'><strong>165,</strong></span> <span class='ocrx_word' id='word_1_146' title='bbox 903 2823 1010 2888; x_wconf 83' lang='grc'><strong>6666</strong></span> <span class='ocrx_word' id='word_1_147' title='bbox 1032 2823 1158 2888; x_wconf 83' lang='lat' dir='ltr'><strong>scribit:</strong></span> <span class='ocrx_word' id='word_1_148' title='bbox 1181 2822 1278 2902; x_wconf 83' lang='lat' dir='ltr'><strong>„Alle</strong></span> <span class='ocrx_word' id='word_1_149' title='bbox 1293 2821 1407 2887; x_wconf 82' lang='lat' dir='ltr'><strong>Formeu</strong></span> 
     </span>
     <span class='ocr_line' id='line_1_20' title="bbox 306 2916 1462 3003; baseline -0.005 -18"><span class='ocrx_word' id='word_1_150' title='bbox 306 2921 365 2985; x_wconf 93' lang='lat' dir='ltr'><strong>mit</strong></span> <span class='ocrx_word' id='word_1_151' title='bbox 388 2919 445 2986; x_wconf 91' lang='lat' dir='ltr'><strong>der</strong></span> <span class='ocrx_word' id='word_1_152' title='bbox 458 2917 675 3003; x_wconf 81' lang='lat' dir='ltr'><strong>Zerdehnung</strong></span> <span class='ocrx_word' id='word_1_153' title='bbox 697 2943 744 2984; x_wconf 88' lang='grc' dir='ltr'><strong>σω</strong></span> <span class='ocrx_word' id='word_1_154' title='bbox 767 2919 835 2984; x_wconf 84' lang='grc'><strong>666</strong></span> <span class='ocrx_word' id='word_1_155' title='bbox 857 2943 904 2984; x_wconf 92' lang='grc' dir='ltr'><strong>ωο</strong></span> <span class='ocrx_word' id='word_1_156' title='bbox 927 2919 1000 2986; x_wconf 89' lang='lat' dir='ltr'><strong>sind</strong></span> <span class='ocrx_word' id='word_1_157' title='bbox 1022 2919 1074 2986; x_wconf 91' lang='lat' dir='ltr'><strong>bei</strong></span> <span class='ocrx_word' id='word_1_158' title='bbox 1097 2919 1161 2984; x_wconf 89' lang='lat' dir='ltr'><strong>deu</strong></span> <span class='ocrx_word' id='word_1_159' title='bbox 1177 2921 1323 3002; x_wconf 80' lang='lat' dir='ltr'><strong>Epikern</strong></span> <span class='ocrx_word' id='word_1_160' title='bbox 1343 2916 1408 2983; x_wconf 85' lang='lat' dir='ltr'><strong>auch</strong></span> <span class='ocrx_word' id='word_1_161' title='bbox 1461 2931 1462 2994; x_wconf 51' lang='grc' dir='ltr'>ᾗ</span> 
     </span>
     <span class='ocr_line' id='line_1_21' title="bbox 308 3003 1462 3100; baseline -0.005 -18"><span class='ocrx_word' id='word_1_162' title='bbox 308 3017 372 3085; x_wconf 90' lang='lat' dir='ltr'><strong>den</strong></span> <span class='ocrx_word' id='word_1_163' title='bbox 400 3017 528 3082; x_wconf 89' lang='lat' dir='ltr'><strong>Verben</strong></span> <span class='ocrx_word' id='word_1_164' title='bbox 557 3017 614 3082; x_wconf 82' lang='lat' dir='ltr'><strong>aul</strong></span> <span class='ocrx_word' id='word_1_165' title='bbox 639 3040 686 3080; x_wconf 90' lang='grc' dir='ltr'><strong>οω</strong></span> <span class='ocrx_word' id='word_1_166' title='bbox 714 3015 858 3100; x_wconf 86' lang='lat' dir='ltr'><strong>gemeiu,</strong></span> <span class='ocrx_word' id='word_1_167' title='bbox 892 3017 1040 3100; x_wconf 85' lang='lat' dir='ltr'><strong>obgleich</strong></span> <span class='ocrx_word' id='word_1_168' title='bbox 1068 3019 1114 3084; x_wconf 91' lang='lat' dir='ltr'><strong>sic</strong></span> <span class='ocrx_word' id='word_1_169' title='bbox 1146 3017 1199 3082; x_wconf 92' lang='lat' dir='ltr'><strong>bei</strong></span> <span class='ocrx_word' id='word_1_170' title='bbox 1236 3015 1344 3084; x_wconf 91' lang='lat' dir='ltr'><strong>diesen</strong></span> <span class='ocrx_word' id='word_1_171' title='bbox 1367 3012 1410 3078; x_wconf 86' lang='lat' dir='ltr'><strong>aui</strong></span> <span class='ocrx_word' id='word_1_172' title='bbox 1461 3003 1462 3030; x_wconf 65' lang='lat'>³</span> 
     </span>
     <span class='ocr_line' id='line_1_22' title="bbox 307 3111 1407 3198; baseline -0.005 -18"><span class='ocrx_word' id='word_1_173' title='bbox 307 3115 433 3198; x_wconf 85' lang='lat' dir='ltr'><strong>eignem</strong></span> <span class='ocrx_word' id='word_1_174' title='bbox 454 3114 557 3196; x_wconf 85' lang='lat' dir='ltr'><strong>Wege</strong></span> <span class='ocrx_word' id='word_1_175' title='bbox 585 3114 694 3180; x_wconf 87' lang='lat' dir='ltr'><strong>weder</strong></span> <span class='ocrx_word' id='word_1_176' title='bbox 721 3115 821 3180; x_wconf 90' lang='lat' dir='ltr'><strong>durch</strong></span> <span class='ocrx_word' id='word_1_177' title='bbox 849 3115 1029 3196; x_wconf 81' lang='lat' dir='ltr'><strong>Aufldsung</strong></span> <span class='ocrx_word' id='word_1_178' title='bbox 1055 3115 1139 3180; x_wconf 93' lang='lat' dir='ltr'><strong>noch</strong></span> <span class='ocrx_word' id='word_1_179' title='bbox 1169 3113 1269 3180; x_wconf 88' lang='lat' dir='ltr'><strong>durch</strong></span> <span class='ocrx_word' id='word_1_180' title='bbox 1290 3111 1407 3180; x_wconf 73' lang='grc'><strong>666166-</strong></span> 
     </span>
     <span class='ocr_line' id='line_1_23' title="bbox 280 3212 1407 3302; baseline -0.004 -24"><span class='ocrx_word' id='word_1_181' title='bbox 280 3232 397 3302; x_wconf 86' lang='lat' dir='ltr'><strong>¹nung</strong></span> <span class='ocrx_word' id='word_1_182' title='bbox 425 3212 593 3277; x_wconf 89' lang='lat' dir='ltr'><strong>entstehen</strong></span> <span class='ocrx_word' id='word_1_183' title='bbox 621 3213 786 3277; x_wconf 85' lang='lat' dir='ltr'><strong>kdnnen.“</strong></span> <span class='ocrx_word' id='word_1_184' title='bbox 830 3213 1011 3294; x_wconf 86' lang='grc'><strong>16661666</strong></span> <span class='ocrx_word' id='word_1_185' title='bbox 1039 3213 1171 3276; x_wconf 84' lang='lat' dir='ltr'><strong>maximi</strong></span> <span class='ocrx_word' id='word_1_186' title='bbox 1199 3212 1349 3278; x_wconf 89' lang='lat' dir='ltr'><strong>momenti</strong></span> <span class='ocrx_word' id='word_1_187' title='bbox 1371 3213 1407 3274; x_wconf 83' lang='lat' dir='ltr'><strong>est</strong></span> 
     </span>
     <span class='ocr_line' id='line_1_24' title="bbox 307 3305 1407 3392; baseline -0.007 -18"><span class='ocrx_word' id='word_1_188' title='bbox 307 3309 394 3392; x_wconf 90' lang='lat' dir='ltr'><strong>quod</strong></span> <span class='ocrx_word' id='word_1_189' title='bbox 426 3307 562 3374; x_wconf 90' lang='lat' dir='ltr'><strong>addidit.</strong></span> <span class='ocrx_word' id='word_1_190' title='bbox 607 3309 689 3374; x_wconf 88' lang='lat' dir='ltr'><strong>Nam</strong></span> <span class='ocrx_word' id='word_1_191' title='bbox 717 3329 752 3375; x_wconf 90' lang='lat' dir='ltr'><strong>re</strong></span> <span class='ocrx_word' id='word_1_192' title='bbox 779 3329 857 3375; x_wconf 86' lang='lat' dir='ltr'><strong>vera</strong></span> <span class='ocrx_word' id='word_1_193' title='bbox 885 3329 926 3375; x_wconf 83' lang='lat' dir='ltr'><strong>ex</strong></span> <span class='ocrx_word' id='word_1_194' title='bbox 954 3310 1066 3374; x_wconf 89' lang='lat' dir='ltr'><strong>horum</strong></span> <span class='ocrx_word' id='word_1_195' title='bbox 1094 3309 1264 3374; x_wconf 84' lang='lat' dir='ltr'><strong>verborum</strong></span> <span class='ocrx_word' id='word_1_196' title='bbox 1297 3305 1407 3375; x_wconf 88' lang='lat' dir='ltr'><strong>historia</strong></span> 
     </span>
     <span class='ocr_line' id='line_1_25' title="bbox 307 3405 1404 3490; baseline -0.009 -18"><span class='ocrx_word' id='word_1_197' title='bbox 307 3413 406 3490; x_wconf 88' lang='grc'><strong>61666</strong></span> <span class='ocrx_word' id='word_1_198' title='bbox 439 3425 480 3472; x_wconf 86' lang='lat' dir='ltr'><strong>ex</strong></span> <span class='ocrx_word' id='word_1_199' title='bbox 511 3405 608 3488; x_wconf 87' lang='lat' dir='ltr'><strong>justis</strong></span> <span class='ocrx_word' id='word_1_200' title='bbox 641 3407 799 3471; x_wconf 86' lang='lat' dir='ltr'><strong>vocalium</strong></span> <span class='ocrx_word' id='word_1_201' title='bbox 830 3407 1059 3472; x_wconf 85' lang='lat' dir='ltr'><strong>mutationibus</strong></span> <span class='ocrx_word' id='word_1_202' title='bbox 1091 3427 1156 3472; x_wconf 92' lang='lat' dir='ltr'><strong>non</strong></span> <span class='ocrx_word' id='word_1_203' title='bbox 1188 3405 1404 3490; x_wconf 72' lang='lat' dir='ltr'><strong>intelleguntur,</strong></span> 
     </span>
     <span class='ocr_line' id='line_1_26' title="bbox 307 3502 1462 3594; baseline -0.004 -25"><span class='ocrx_word' id='word_1_204' title='bbox 307 3504 444 3569; x_wconf 84' lang='lat' dir='ltr'><strong>Formae</strong></span> <span class='ocrx_word' id='word_1_205' title='bbox 471 3502 683 3570; x_wconf 86' lang='lat' dir='ltr'><strong>intermediae</strong></span> <span class='ocrx_word' id='word_1_206' title='bbox 710 3503 793 3570; x_wconf 90' lang='lat' dir='ltr'><strong>inter</strong></span> <span class='ocrx_word' id='word_1_207' title='bbox 821 3504 964 3586; x_wconf 83' lang='lat' dir='ltr'><strong>integras</strong></span> <span class='ocrx_word' id='word_1_208' title='bbox 993 3512 1024 3570; x_wconf 88' lang='grc'><strong>61</strong></span> <span class='ocrx_word' id='word_1_209' title='bbox 1052 3509 1233 3568; x_wconf 86' lang='lat' dir='ltr'><strong>contractae</strong></span> <span class='ocrx_word' id='word_1_210' title='bbox 1262 3523 1331 3570; x_wconf 89' lang='lat' dir='ltr'><strong>esse</strong></span> <span class='ocrx_word' id='word_1_211' title='bbox 1356 3516 1406 3564; x_wconf 86' lang='lat' dir='ltr'><strong>nou</strong></span> <span class='ocrx_word' id='word_1_212' title='bbox 1461 3587 1462 3594; x_wconf 9' lang='grc' dir='ltr'><strong><em>ρ</em></strong></span> 
     </span>
     <span class='ocr_line' id='line_1_27' title="bbox 308 3591 1405 3686; baseline -0.008 -19"><span class='ocrx_word' id='word_1_213' title='bbox 308 3607 453 3684; x_wconf 82' lang='lat' dir='ltr'><strong>possunt,</strong></span> <span class='ocrx_word' id='word_1_214' title='bbox 476 3601 552 3683; x_wconf 89' lang='lat' dir='ltr'><strong>quia</strong></span> <span class='ocrx_word' id='word_1_215' title='bbox 575 3598 717 3686; x_wconf 82' lang='grc' dir='ltr'><strong><em>δηιόῳεν</em></strong></span> <span class='ocrx_word' id='word_1_216' title='bbox 732 3601 876 3666; x_wconf 89' lang='lat' dir='ltr'><strong>contrahi</strong></span> <span class='ocrx_word' id='word_1_217' title='bbox 891 3619 1024 3666; x_wconf 85' lang='lat' dir='ltr'><strong>necesse</strong></span> <span class='ocrx_word' id='word_1_218' title='bbox 1038 3601 1155 3667; x_wconf 86' lang='lat' dir='ltr'><strong>eratin</strong></span> <span class='ocrx_word' id='word_1_219' title='bbox 1178 3599 1310 3686; x_wconf 71' lang='grc' dir='ltr'><strong>δηιηῐεν,</strong></span> <span class='ocrx_word' id='word_1_220' title='bbox 1333 3591 1405 3682; x_wconf 84' lang='grc' dir='ltr'><strong><em>δηιό-</em></strong></span> 
     </span>
    </p>
   </div>
   <div class='ocr_carea' id='block_1_4' title="bbox 310 3691 1370 3784">
    <p class='ocr_par' dir='ltr' id='par_1_8' title="bbox 310 3691 1462 3790">
     <span class='ocr_line' id='line_1_28' title="bbox 310 3691 1370 3784; baseline 0 -22"><span class='ocrx_word' id='word_1_221' title='bbox 310 3719 413 3774; x_wconf 69' lang='lat' dir='ltr'><strong>werec</strong></span> <span class='ocrx_word' id='word_1_222' title='bbox 434 3697 468 3762; x_wconf 88' lang='lat' dir='ltr'><strong>in</strong></span> <span class='ocrx_word' id='word_1_223' title='bbox 492 3696 662 3784; x_wconf 80' lang='grc' dir='ltr'><strong><em>δηῑῶντες,</em></strong></span> <span class='ocrx_word' id='word_1_224' title='bbox 685 3695 814 3782; x_wconf 82' lang='grc' dir='ltr'><strong><em>ἀρόωσι</em></strong></span> <span class='ocrx_word' id='word_1_225' title='bbox 836 3698 870 3762; x_wconf 92' lang='lat' dir='ltr'><strong>in</strong></span> <span class='ocrx_word' id='word_1_226' title='bbox 893 3691 1010 3780; x_wconf 78' lang='grc' dir='ltr'><strong><em>ἀτρῶσι.</em></strong></span> <span class='ocrx_word' id='word_1_227' title='bbox 1362 3751 1370 3784; x_wconf 80' lang='grc'><strong>,</strong></span> 
     </span>
    </p>
   </div>
   <div class='ocr_carea' id='block_1_5' title="bbox 310 3792 1462 4072">
    <p class='ocr_par' dir='ltr' id='par_1_9' title="bbox 310 3792 1462 4072">
     <span class='ocr_line' id='line_1_29' title="bbox 395 3792 1403 3877; baseline -0.002 -18"><span class='ocrx_word' id='word_1_228' title='bbox 395 3792 442 3860; x_wconf 85' lang='lat' dir='ltr'><strong>Re</strong></span> <span class='ocrx_word' id='word_1_229' title='bbox 473 3814 549 3860; x_wconf 91' lang='lat' dir='ltr'><strong>vera</strong></span> <span class='ocrx_word' id='word_1_230' title='bbox 579 3795 676 3876; x_wconf 84' lang='lat' dir='ltr'><strong>igitur</strong></span> <span class='ocrx_word' id='word_1_231' title='bbox 707 3803 781 3860; x_wconf 89' lang='lat' dir='ltr'><strong>sunt</strong></span> <span class='ocrx_word' id='word_1_232' title='bbox 813 3793 1007 3860; x_wconf 81' lang='lat' dir='ltr'><strong>distractae?</strong></span> <span class='ocrx_word' id='word_1_233' title='bbox 1054 3793 1171 3877; x_wconf 91' lang='lat' dir='ltr'><strong>Immo,</strong></span> <span class='ocrx_word' id='word_1_234' title='bbox 1209 3795 1280 3861; x_wconf 88' lang='lat' dir='ltr'><strong>hae</strong></span> <span class='ocrx_word' id='word_1_235' title='bbox 1302 3804 1403 3876; x_wconf 77' lang='lat' dir='ltr'><strong>quoque</strong></span> 
     </span>
     <span class='ocr_line' id='line_1_30' title="bbox 310 3889 1462 3976; baseline -0.003 -22"><span class='ocrx_word' id='word_1_236' title='bbox 310 3889 431 3970; x_wconf 61' lang='lat' dir='ltr'><strong>,formae</strong></span> <span class='ocrx_word' id='word_1_237' title='bbox 466 3912 533 3957; x_wconf 90' lang='lat' dir='ltr'><strong>non</strong></span> <span class='ocrx_word' id='word_1_238' title='bbox 568 3897 702 3975; x_wconf 88' lang='lat' dir='ltr'><strong>possunt</strong></span> <span class='ocrx_word' id='word_1_239' title='bbox 739 3891 893 3975; x_wconf 81' lang='lat' dir='ltr'><strong>explicari</strong></span> <span class='ocrx_word' id='word_1_240' title='bbox 929 3891 990 3957; x_wconf 90' lang='lat' dir='ltr'><strong>nisi</strong></span> <span class='ocrx_word' id='word_1_241' title='bbox 1019 3911 1059 3958; x_wconf 82' lang='lat' dir='ltr'><strong>ex</strong></span> <span class='ocrx_word' id='word_1_242' title='bbox 1087 3891 1323 3958; x_wconf 90' lang='lat' dir='ltr'><strong>Homericorum</strong></span> <span class='ocrx_word' id='word_1_243' title='bbox 1352 3904 1403 3952; x_wconf 86' lang='lat' dir='ltr'><strong>car·</strong></span> <span class='ocrx_word' id='word_1_244' title='bbox 1461 3901 1462 3976; x_wconf 43' lang='grc' dir='ltr'><strong><em>η</em></strong></span> 
     </span>
     <span class='ocr_line' id='line_1_31' title="bbox 310 3977 1462 4072; baseline 0.009 -21"><span class='ocrx_word' id='word_1_245' title='bbox 310 3986 432 4052; x_wconf 92' lang='lat' dir='ltr'><strong>minum</strong></span> <span class='ocrx_word' id='word_1_246' title='bbox 453 3987 595 4058; x_wconf 87' lang='lat' dir='ltr'><strong>historia.</strong></span> <span class='ocrx_word' id='word_1_247' title='bbox 641 3989 714 4054; x_wconf 86' lang='lat' dir='ltr'><strong>Non</strong></span> <span class='ocrx_word' id='word_1_248' title='bbox 739 3989 867 4056; x_wconf 90' lang='lat' dir='ltr'><strong>fuerunt</strong></span> <span class='ocrx_word' id='word_1_249' title='bbox 893 3989 1239 4072; x_wconf 75' lang='lat' dir='ltr'><strong>unquaminvulgari</strong></span> <span class='ocrx_word' id='word_1_250' title='bbox 1266 3977 1402 4069; x_wconf 74' lang='grc'><strong>66611(1</strong></span> <span class='ocrx_word' id='word_1_251' title='bbox 1461 3985 1462 4062; x_wconf 79' lang='grc' dir='ltr'><em>Ῐ</em></span> 
     </span>
    </p>
   </div>
   <div class='ocr_carea' id='block_1_6' title="bbox 0 0 1489 4866">
    <p class='ocr_par' dir='ltr' id='par_1_10' title="bbox 0 0 1489 4866">
     <span class='ocr_line' id='line_1_32' title="bbox 0 0 1489 4866; baseline 0 0"><span class='ocrx_word' id='word_1_252' title='bbox 0 0 1489 4866; x_wconf 95' lang='lat' dir='ltr'><strong> </strong></span> 
     </span>
    </p>
   </div>
  </div>
 </body>
</html>
