2972 4868
281 420 344 485 310
768 427 909 484 Fritzsclre
1140 367 1149 408 l

280 619 346 661 rem
366 599 426 660 υἰηι
449 619 514 664 non
536 597 699 683 accepisse
721 602 754 664 in
776 599 888 682 lingua
901 615 1026 681 graeca
1070 597 1214 664 Alterum
1229 602 1342 661 aulem
1362 601 1413 661 est

280 694 366 779 quod
388 696 421 760 in
438 695 569 778 linguae
585 696 762 762 sanseritae
777 695 993 780 duplicatione
1012 693 1134 760 nasnbs
1152 694 1211 760 illa
1225 693 1313 759 baud
1333 713 1411 760 raro

279 795 427 878 usurpari
449 800 587 878 putatur.
617 791 710 872 Quod
732 793 993 875 haudquaquam
1015 798 1080 856 tam
1103 811 1201 875 saepe
1223 789 1290 858 deri
1305 811 1410 874 quam

279 891 393 957 volunt
428 890 625 973 grammatici
663 909 703 956 ex
739 890 787 956 eis
823 890 974 982 quaein
1010 889 1156 972 margine
1192 888 1298 972 adjeci
1337 889 1412 954 elu-

280 985 417 1073 cebil¹¹).
1426 1053 1432 1072 ⁴

365 1083 487 1164 Quibus
501 1082 542 1148 de
557 1083 661 1150 causis
675 1089 753 1168 puto
767 1092 853 1150 reete
867 1101 1004 1167 negasse
1017 1085 1170 1150 loannem
1189 1079 1410 1149 Schmidtinm

279 1185 314 1250 in
347 1183 522 1268 πίμπλημι
551 1185 727 1268 πίμπρημι
759 1181 867 1248 verbis
899 1182 1044 1247 uenalem
1072 1181 1226 1246 insertam
1255 1199 1326 1246 esse
1365 1179 1411 1244 ad

279 1281 416 1366 priorem
439 1278 599 1362 syllabam
627 1277 827 1361 aagendam
864 1279 956 1344 nulla
985 1287 1092 1344 autem
1121 1278 1267 1344 veritatis
1294 1278 1408 1360 specie

279 1377 392 1444 nititur
425 1376 459 1442 id
488 1375 573 1457 quod
601 1375 743 1442 addidit:
780 1395 844 1456 „so
876 1381 992 1460 mdgen
1019 1375 1102 1442 auch
1130 1373 1307 1458 bildungen
1341 1375 1408 1438 wie

280 1477 467 1560 παμφαίνω
488 1475 665 1556 βαμβαίνω
689 1472 743 1550 (dc
765 1473 879 1555 quibus
901 1491 930 1538 v.
953 1494 984 1556 p.
1006 1475 1069 1537 295
1091 1476 1199 1556 supra)
1222 1471 1287 1538 den
1308 1472 1405 1537 nasal

279 1573 313 1638 in
346 1568 520 1655 πίμπλημι
553 1573 730 1655 πίμπρημι
763 1569 946 1636 vcranlasst
974 1560 1124 1651 baben¹‘,
1158 1569 1244 1652 quod
1276 1569 1407 1652 scripsit

279 1669 445 1738 immemor
466 1665 633 1750 permagni
656 1667 778 1734 numeri
804 1660 889 1750 (plns
911 1667 1043 1751 triginta
1063 1667 1219 1752 stirpium)
1243 1665 1403 1749 ejusmodi

279 1766 447 1833 verborum
471 1772 503 1829 et
524 1764 698 1846 nominum,
721 1784 900 1846 quaemus
923 1763 1188 1832 enumerabimus.

366 1862 456 1940 Quae
478 1860 520 1926 ad
543 1862 762 1944 quaestionem
785 1870 931 1946 spectare
959 1868 1035 1945 puto
1057 1860 1109 1925 his
1130 1880 1199 1925 sum
1223 1860 1402 1943 amplexus.

369 1956 400 2042 1)
429 1958 587 2024 Maximus
615 1977 765 2026 numerus
787 1960 1015 2025 vocabulorum
1038 1977 1169 2039 quorum
1192 1957 1287 2022 radix
1309 1958 1327 2022 λ
1351 1959 1400 2022 vel

281 2082 300 2144 ρ
323 2075 463 2122 consona
484 2062 540 2120 aut
561 2055 594 2119 in
618 2054 680 2122 fine
702 2061 758 2121 aut
779 2057 850 2122 loco
873 2056 979 2122 medio
1003 2061 1051 2120 est
1073 2051 1221 2138 praedita
1246 2053 1317 2132 (rui
1339 2078 1400 2136 ταρ

280 2189 322 2202 -
343 2159 410 2238 βρα
432 2151 494 2216 πλε
516 2189 558 2198 -
587 2172 652 2217 non
674 2159 781 2218 nutem
809 2151 899 2240 qiud
919 2151 1016 2234 χλαδ)
1050 2171 1121 2218 earn
1151 2150 1397 2236 duplicationem
1477 2237 1478 2240 Ἴ

280 2252 436 2338 praebent
458 2257 492 2314 ut
513 2249 641 2334 syllaba
663 2251 749 2334 prior
769 2259 825 2316 aut
847 2251 949 2334 ipsam
973 2269 1146 2315 consonam
1168 2247 1323 2330 liquidam
1347 2267 1395 2313 en-

279 2349 391 2416 bibeat
413 2355 467 2412 aut
489 2348 644 2414 nasalem.
683 2347 818 2414 Generis
840 2349 1004 2430 utriusque
1025 2345 1141 2430 collegi
1164 2347 1236 2430 plus
1259 2345 1396 2428 triginta,

279 2461 413 2530 quorum
442 2464 546 2528 pauca
573 2451 697 2510 tanturn
721 2444 819 2510 dubia
840 2445 911 2512 visa
933 2451 1016 2512 sunl.
1060 2445 1174 2528 Neque
1196 2451 1393 2528 praetereun-

280 2544 355 2610 dum
379 2550 427 2608 est
449 2541 535 2624 quod
557 2561 778 2626 nonnusquam
801 2548 935 2626 utraque
956 2541 1058 2608 formu
1080 2543 1173 2608 simul
1193 2548 1297 2608 extat:
1320 2565 1395 2625 γαρ-

279 2641 401 2728 pallio
424 2639 622 2724 γαγγαλίζω,
643 2638 829 2724 ταρταρίζω
852 2639 1057 2724 τανθαρίζω.

367 2737 400 2822 2)
429 2737 532 2802 Nemo
555 2739 687 2822 protulit
710 2737 809 2802 verba
830 2757 947 2820 graeca
968 2735 1074 2802 nauali
1098 2735 1245 2818 praedita
1268 2755 1389 2818 quorum

279 2835 373 2902 radix
394 2837 428 2900 in
451 2855 624 2900 consonam
648 2841 741 2900 exeat
756 2855 820 2898 non
843 2831 996 2918 liquidam
1013 2839 1068 2897 aut
1083 2833 1115 2896 in
1130 2834 1286 2900 vocalem.
1316 2833 1389 2898 Nam
1476 2875 1477 2880 κ

279 2985 484 2996 ..-..---.-.--

352 3067 382 3129 11)
413 3062 500 3118 Nixus
532 3065 769 3134 grammaticorum
800 3064 950 3120 indicorum
982 3062 1136 3118 testimonio
1162 3061 1295 3130 BenieJ‘us
1320 3061 1390 3116 Ausi.

281 3146 440 3210 Gramma.
462 3148 508 3200 lec
536 3143 587 3198 has
612 3143 717 3200 radices
742 3151 882 3199 enumerat
906 3149 1081 3216 praetereas
1106 3159 1174 3212 quae
1196 3142 1227 3196 in
1247 3144 1298 3210 jo
1321 3139 1390 3196 semi·

280 3227 387 3282 vocales
423 3229 522 3280 exeunt
552 3225 597 3289 ol),
631 3239 746 3292 quarum
782 3223 901 3294 syllabae
936 3225 1089 3293 duplicatae
1120 3223 1241 3279 nasalem
1275 3221 1390 3276 exhibere

280 3307 407 3362 dicuntur
420 3303 488 3374 ipsis
503 3304 530 3358 in
540 3303 622 3359 aliam
632 3321 777 3359 consonam
789 3305 987 3359 desinentibus:
1009 3299 1098 3371 llorlg}
1113 3301 1169 3370 gap
1187 3320 1238 3376 pap
1256 3299 1325 3370 guali
1341 3298 1387 3352 der

279 3389 346 3456 phul
363 3389 433 3446 deice
450 3401 502 3457 pap
519 3387 572 3436 deb
589 3415 623 3426 -
641 3388 689 3438 bns
706 3393 754 3451 pal
770 3387 827 3452 prod
843 3415 876 3425 ·-
895 3386 1015 3451 inninsjn
1030 3383 1184 3450 pompaeja,
1201 3399 1315 3452 quarum
1332 3399 1386 3449 qun·
1475 3443 1476 3448 ¹

282 3477 344 3520 trior
360 3473 465 3522 mutum
483 3466 511 3520 in
530 3481 562 3520 ea
579 3481 648 3535 quae
665 3465 743 3520 nobis
759 3464 861 3520 tradita
878 3463 1024 3532 autlingua
1039 3463 1174 3519 sanserita
1190 3463 1263 3518 hauc
1277 3461 1385 3534 duplica·

280 3551 380 3604 donem
403 3547 535 3616 praebent
558 3545 632 3609 (Lex.
651 3545 797 3608 Perenna:
828 3540 1032 3612 gera-gulberto
1057 3543 1247 3609 dnn-daa-joed
1271 3542 1382 3610 dnn-doq-

282 3632 365 3698 qjitoa
391 3621 590 3694 lieri-linir-jote.
624 3623 649 3680 Ε
673 3625 770 3696 quibus
796 3624 1005 3694 uniusquidem
1029 3617 1117 3692 (g'oblq
1140 3639 1270 3692 praesens
1293 3633 1384 3692 quoque

280 3709 400 3766 nasalern
412 3707 533 3762 exhibet:
544 3697 706 3772 geruli-arc,
716 3705 824 3760 alienus
834 3709 906 3778 (dep)
915 3703 1017 3760 lormae
1026 3703 1108 3758 aliae:
1129 3705 1235 3774 drap-o,
1247 3703 1381 3764 dunel-,tra

280 3789 350 3843 unde
368 3788 467 3842 nasalis
485 3787 513 3840 in
530 3786 659 3856 syllabam
677 3785 840 3856 duplicatam
857 3784 942 3854 petita
959 3799 1018 3838 esse
1034 3788 1124 3852 potest
1145 3782 1188 3846 (cl.
1208 3787 1337 3852 ‹nn-oripo,
1352 3775 1380 3827 R.

280 3886 312 3929 no
323 3873 391 3933 aior),
409 3867 518 3920 bertium
534 3872 624 3920 aulem
642 3861 716 3932 (lior)
733 3867 761 3920 in
780 3880 924 3920 consonam
939 3863 1067 3933 liquidem
1080 3862 1183 3916 desinit.
1212 3863 1298 3930 Quare
1310 3859 1379 3912 aaut

279 3963 363 4004 nuum
382 3947 582 4012 deicolae-paee,
607 3946 679 4015 quod
696 3947 813 4002 alienum
830 3952 871 4000 est
889 3961 905 3998 a
921 3945 1013 4014 lingua
1029 3942 1259 4012 palaeosaneerita
1275 3937 1379 4005 (redol-

281 4028 331 4084 Cui
348 4027 417 4083 addo
434 4027 582 4096 gun-gri-ja
607 4025 639 4080 R.
656 4043 710 4094 gu,
733 4027 805 4096 qnod
823 4025 903 4082 etiam
920 4025 948 4080 in
965 4025 1056 4094 lingua
1072 4022 1221 4078 recentiore
1238 4021 1294 4078 sola
1308 4016 1377 4074 exci-
