3020 4866
277 389 319 450 lo
756 394 924 450 Forssmaun

278 562 367 649 (pag.
391 563 446 646 34)
476 585 533 650 pro
565 563 819 652 διαχρήσασθαι
841 567 980 632 scribere
1001 565 1116 632 suadet
1138 564 1399 653 διαχρήσεσθαι,

277 661 362 746 qnod
392 663 570 746 praebeant
592 665 739 730 nonnulli
763 662 889 730 codices
911 665 1004 746 cique
1025 683 1162 747 magnac
1184 665 1399 750 auctoritatis3

276 761 362 826 hunc
384 760 468 828 enim
491 781 620 827 sensum
643 761 789 828 subesse:
812 761 1050 844 „Tradiderunt
1071 761 1199 828 obsides
1221 781 1280 845 spe
1302 762 1398 845 ducti,

277 858 466 940 Argivorum
488 859 643 942 populum
673 878 728 924 eos
755 859 807 924 lis
835 859 1008 948 decausis
1036 878 1107 924 esse
1127 859 1399 928 interfecturum.“

277 955 342 1020 Sed
364 975 435 1020 cum
449 955 625 1022 infinitivus
640 956 746 1038 futuri,
770 956 823 1039 qni
839 957 1020 1022 accusativo
1043 963 1139 1037 caret,
1161 957 1204 1022 ad
1219 958 1399 1042 subjectum

278 1075 405 1141 semper
441 1053 612 1134 referatur,
651 1054 686 1118 in
724 1055 786 1119 hac
819 1056 1033 1139 explicatione
1065 1050 1169 1120 nemo'
1192 1056 1398 1137 acquieverit.

276 1155 313 1235 V,
338 1158 388 1236 35,
417 1159 436 1218 5
460 1161 591 1233 κομιεῖν
619 1171 684 1216 non
708 1171 726 1218 e
748 1151 995 1238 πειράσεσθαι,
1025 1160 1060 1218 ut
1080 1152 1194 1218 volunt
1214 1151 1400 1236 Krucgems
1504 1152 1505 1163 ¹

276 1259 309 1317 et
327 1251 495 1328 Hessius,
530 1247 588 1313 sed
621 1268 661 1314 ex
695 1248 827 1336 ἔφασαν
860 1249 990 1334 pendet.
1027 1251 1068 1328 ΙΙ,
1103 1252 1153 1332 29,
1188 1253 1207 1312 5
1235 1255 1398 1333 πέμπειν,

276 1350 432 1432 scriptura
462 1345 673 1410 Laurentiani
703 1346 727 1412 O
754 1355 786 1413 et
813 1348 1013 1414 Monacensis
1043 1348 1087 1429 G,
1123 1345 1311 1430 adoptando
1340 1355 1398 1431 est,

276 1446 368 1512 sicuti
396 1447 421 1527 I,
456 1447 506 1524 2⁷,
542 1445 561 1505 2
589 1452 662 1526 post
690 1443 886 1532 ἐδεήθησαν
919 1444 1092 1513 eorundem
1125 1444 1270 1510 codicum
1302 1447 1398 1512 lectio

277 1549 416 1626 πέμψαι
432 1543 627 1626 recipienda.

361 1641 405 1706 At
427 1647 519 1705 erunt
539 1640 686 1718 fortasse,
710 1639 763 1723 qui
786 1640 903 1722 omnia,
926 1659 1008 1722 quae
1029 1639 1200 1723 disputavi,
1223 1659 1311 1706 vana
1325 1661 1398 1708 esse

277 1737 399 1821 dicant,
432 1744 602 1821 propterca
634 1737 718 1820 quod
750 1738 900 1819 μέλλειν,
933 1737 984 1802 cui
1016 1756 1120 1818 neque
1143 1736 1270 1802 dicendi
1291 1759 1399 1822 neque

277 1835 442 1918 cogitandi
463 1855 577 1901 sensus
599 1835 710 1916 subsit,
734 1834 827 1918 apud·
844 1855 955 1901 omnes
977 1837 1146 1919 scriptores
1168 1853 1302 1918 graecos
1325 1856 1398 1902 cum

275 1933 371 1997 futuri
400 1933 600 2016 potissimum
632 1931 788 1997 infinitivo
814 1931 977 2016 jungatur.
1022 1934 1127 2014 Atque
1153 1931 1251 2016 hujus
1272 1933 1321 1998 rei
1344 1953 1398 2000 ex-

274 2031 405 2114 plicatio
428 2050 493 2094 non
515 2051 533 2096 e
556 2031 686 2116 syntaxi
708 2048 811 2112 neque
834 2049 853 2096 e
874 2031 1016 2094 stabilito
1038 2031 1169 2112 linguae
1189 2050 1259 2112 usu,
1282 2029 1341 2096 sed
1358 2050 1398 2096 ex

275 2128 469 2212 etymologia
492 2134 523 2194 et
544 2127 679 2210 pristino
701 2126 854 2210 loquendi
875 2147 963 2192 more
985 2125 1205 2212 depromenda
1220 2133 1277 2194 est.
1311 2129 1398 2194 Nam
1503 2150 1504 2155 ¹

274 2231 444 2308 postquam
474 2223 572 2290 Curtii
606 2224 719 2290 studiis
749 2225 799 2307 (ci.
829 2223 1022 2308 Grundnlige
1057 2225 1114 2290 der
1144 2224 1263 2306 griech.
1288 2227 1397 2310 Etym.

275 2341 348 2406 pag.
374 2324 435 2387 308
458 2329 490 2388 et
512 2326 564 2398 99)
595 2323 848 2388 demonstratum
879 2330 943 2404 est,
977 2322 1118 2387 radicem
1145 2342 1246 2404 omar,
1279 2343 1398 2405 graece

274 2444 353 2505 μερ,
384 2439 402 2484 e
430 2440 494 2503 qua
521 2428 721 2504 procreatum
750 2427 797 2486 est
826 2421 951 2502 μέλλω,
981 2418 1212 2502 significatione
1234 2421 1398 2503 cogitandi

274 2517 421 2601 primitus
449 2517 630 2600 praeditam
657 2519 772 2600 inisse,
806 2525 946 2600 constat,
979 2516 1169 2581 infinitivum
1197 2516 1312 2600 futuri,
1344 2521 1398 2605 qui

274 2616 417 2698 sequitur
438 2615 570 2680 verbum
592 2615 712 2698 μέλλω,
735 2615 880 2700 ejusdem
902 2635 974 2682 csse
995 2614 1132 2698 generis,
1154 2613 1245 2696 cujus
1266 2616 1309 2681 sit
1329 2617 1397 2700 ille,

274 2714 328 2796 qui
362 2712 512 2795 adjicitur
540 2712 739 2795 διανοοῦμαι
768 2716 876 2780 verbo.
914 2712 999 2792 Quid
1027 2713 1123 2795 igitur
1150 2711 1280 2795 mirum,
1310 2715 1397 2796 quod

275 2810 399 2892 Graeci,
422 2810 542 2876 assueti
563 2811 619 2874 illo
642 2811 762 2893 futuro,
798 2811 954 2878 tenaciter
975 2811 1059 2875 hane
1081 2816 1269 2875 structuram
1291 2831 1398 2880 serva·

269 2905 398 2989 ‘verunt
421 2907 497 2972 licet
518 2907 706 2991 principalis
728 2911 819 2975 verbi
840 2909 889 2975 vis
910 2909 1066 2992 paulatim
1088 2912 1210 2971 mutata
1231 2907 1296 2972 sit?
1317 2911 1396 2976 Mihi

268 3003 402 3087 quidem
425 3004 535 3086 μέλλω
557 3003 717 3090 ποιήσειν
740 3013 772 3072 et
794 3026 876 3090 quae
898 3005 1016 3071 similia
1030 3011 1113 3084 sunt,
1136 3024 1201 3070 non
1216 3005 1396 3088 pleonasmi

275 3100 426 3186 ridentur
459 3119 544 3183 esse,
585 3103 644 3168 sed
676 3105 814 3186 vestigia
845 3104 964 3170 veteris
996 3101 1150 3186 loquendi
1181 3121 1272 3184 usus,
1313 3124 1396 3186 quae

274 3196 404 3278 docent,
433 3199 542 3278 μέλλω
572 3200 734 3283 quondam
761 3201 860 3268 fuisse
888 3202 1020 3268 verbum
1042 3197 1196 3284 putandi3
1226 3217 1297 3264 cum
1319 3220 1395 3266 vero

272 3293 358 3360 idem
366 3295 499 3360 verbum
510 3299 613 3381 magis
624 3299 790 3382 magisque
801 3297 1146 3364 naturamvoluntativi
1158 3297 1394 3380 assumpsisset,

273 3412 337 3457 non
360 3412 387 3458 a·
402 3395 581 3476 praesentis
597 3395 745 3479 denique,
768 3415 810 3464 ne
831 3398 873 3462 ab
894 3397 1002 3462 coristi
1026 3394 1153 3478 quidem
1168 3393 1326 3462 infinitivo
1341 3395 1394 3460 ab·

272 3489 446 3554 horrebat.
476 3492 514 3556 In
542 3493 581 3559 iis
609 3513 701 3577 vero,
731 3493 815 3578 q'uae
841 3496 1013 3562 Floeckius
1041 3491 1129 3577 (pag.
1153 3497 1205 3568 35)
1235 3491 1276 3558 de
1297 3491 1393 3558 variis

273 3585 451 3653 rationibus
477 3589 564 3656 illi'us
592 3592 683 3656 verbi
712 3593 916 3659 construendi
939 3591 1086 3675 protulit,
1109 3610 1180 3656 cnm
1204 3589 1281 3655 dicit
1303 3590 1392 3672 origi·

274 3683 398 3748 nariam
429 3684 499 3768 ejus
527 3686 793 3770 significationem
815 3691 880 3756 vim
909 3689 1046 3756 durandi
1067 3687 1230 3754 continere
1257 3687 1392 3770 ideoque

274 3779 431 3845 rationem
461 3783 641 3868 postulare,
670 3793 705 3852 ut
732 3807 803 3853 cnm
832 3786 1011 3872 praesentis
1039 3785 1196 3851 infinitivo
1218 3785 1390 3868 copuletur,

277 3875 469 3956 infinitivum
490 3878 586 3948 futuri
608 3889 715 3950 autem
742 3884 859 3950 idcirco
881 3883 1016 3967 adjungi
1037 3883 1156 3966 videri,
1186 3889 1221 3948 ut
1241 3875 1326 3948 actio
1346 3882 1390 3946 in·

273 3979 364 4040 stans
386 3975 512 4058 „acrius
534 3979 761 4066 capriniacum,
785 4001 856 4048 cum
879 4000 917 4048 eo
938 3981 1043 4046 iacere
1058 4001 1122 4048 non
1137 4000 1276 4065 possum.
1310 3980 1389 4046 Nam
