2958 4868
297 453 358 514 116
798 455 907 512 Frltscb

294 649 359 694 non
374 628 531 712 reperitur
550 663 592 674 -
617 628 799 712 putaverim
814 627 997 696 Graeccsin
1016 627 1200 695 nominibus
1222 625 1332 708 ἄδεια,
1360 628 1417 695 έκ-

295 725 371 792 dam
406 725 581 792 formandis
617 725 802 808 analogiam
833 727 997 792 nominum
1027 727 1069 792 ab
1103 725 1275 810 adjectivis
1306 727 1340 792 in
1374 749 1414 813 ης

295 822 509 890 derivatorum
523 817 649 890 secutos
664 842 705 890 ca
718 823 809 905 quasi
825 825 867 889 ab
882 823 1051 908 adjectivis
1066 825 1100 890 in
1115 847 1155 912 ης
1177 843 1242 889 non
1259 847 1317 910 εης
1334 823 1415 890 deri·

293 941 397 987 vassa.
441 921 535 988 Certe
556 926 663 986 autem
687 917 848 1000 εὐκλέεια,
871 917 990 987 ciderio
1011 922 1134 988 formae
1154 941 1176 987 a
1196 921 1413 1004 grammaticis

294 1015 387 1084 fictas
409 1024 497 1097 sunt,
526 1037 683 1102 nusquam
706 1019 791 1084 enim
814 1019 972 1102 leguntur.

377 1116 558 1193 Aruas-eg
573 1116 744 1184 deductum
761 1123 810 1182 est
824 1121 1055 1194 *θεν-εσ-ιον,
1067 1120 1185 1180 θέειον
1201 1116 1252 1184 (cf.
1268 1116 1412 1198 „Grd.“³

295 1216 388 1296 243),
417 1230 480 1296 qua
501 1234 582 1280 voce
602 1221 719 1298 poetae
743 1213 826 1296 epici
848 1214 897 1278 usi
919 1219 1008 1292 sunt;
1035 1213 1069 1276 iu
1092 1213 1231 1279 dialecto
1253 1215 1350 1280 attica
1372 1233 1411 1280 ex

293 1315 413 1376 θέειον
444 1316 545 1376 θεῖον
575 1311 693 1377 lactum
721 1318 784 1393 est,
814 1334 847 1389 ε,
875 1311 910 1375 ni
938 1311 1049 1392 fallor,
1079 1311 1168 1376 elisa.
1218 1311 1267 1376 Ab
1299 1311 1411 1378 eodem

295 1412 522 1488 *θετ-εο-ιον,
534 1429 633 1474 rcum
647 1408 910 1492 compensatione
925 1408 1015 1488 elisa,
1032 1407 1210 1474 derivatum
1227 1415 1277 1474 est
1287 1407 1411 1494 *θη-ε-

294 1529 357 1584 ιον,
384 1504 489 1592 θήιον
516 1512 547 1586 (χ
569 1509 660 1588 493),
694 1506 728 1571 in
750 1525 813 1588 quo
835 1529 874 1591 ηε
896 1504 931 1568 in
953 1529 973 1591 η
997 1511 1179 1572 contractae
1200 1512 1289 1588 sunt,
1323 1508 1410 1571 utin

292 1607 433 1690 θῆσθαι
453 1623 512 1686 pro
534 1600 702 1688 θήεσθαι,
725 1609 867 1690 τιμῆντα
889 1623 947 1686 pro
965 1601 1136 1689 τιμήεντα.
1172 1602 1295 1669 Eodem
1317 1603 1408 1668 modo

292 1718 330 1764 ac
358 1697 477 1765 θέειον
504 1698 538 1764 in
566 1704 666 1764 θεῖον
695 1701 914 1783 corripuerunt
945 1700 1042 1766 Attici
1071 1697 1233 1779 ἐλεεινός,
1267 1701 1350 1784 quod
1378 1701 1407 1766 in

291 1797 461 1863 homericis
483 1797 676 1862 carminibus
699 1799 824 1880 legitur,
846 1797 881 1861 in
903 1794 1041 1878 έλεινές,
1064 1796 1123 1862 sed
1145 1805 1314 1864 servarunt
1335 1795 1407 1863 ἀλε-

294 1892 399 1978 εινός;
423 1913 486 1976 qua
508 1913 549 1959 ex
570 1904 778 1978 re‘apparet,
807 1913 862 1960 ecs
885 1892 1038 1970 ἐλεεινός
1054 1894 1088 1958 in
1111 1891 1241 1972 ἐλεινός
1262 1903 1404 1970 mutasse,

293 2011 356 2074 quo
388 1992 527 2057 vitarent
557 2009 667 2073 parem
700 2011 813 2056 sonum
845 1990 940 2054 trium
971 1989 1101 2056 illarum
1130 2016 1162 2074 r,
1199 1993 1233 2057 in
1263 1990 1405 2068 ἀλεεινός

293 2089 379 2155 enim
401 2095 451 2154 est
473 2086 632 2170 quaedam
653 2088 812 2154 vocalium
834 2089 983 2153 varietas.
1028 2087 1151 2154 Eadem
1173 2089 1214 2155 de
1237 2110 1332 2156 causa
1351 2086 1404 2152 ἂν-

294 2185 455 2273 ελεήμων,
477 2185 562 2267 quod
578 2186 619 2250 ab
636 2185 750 2251 eadem
771 2186 870 2268 stirpe
891 2184 1063 2252 deductum
1086 2191 1134 2252 est
1155 2192 1253 2270 atque
1275 2185 1402 2262 ἒλεινὸς,

293 2283 419 2350 etiamsi
441 2282 614 2349 deradice
635 2283 731 2365 hujus
752 2283 840 2348 vocis
862 2281 968 2347 adbuc
984 2283 1065 2347 nihil
1082 2289 1218 2365 constat,
1241 2285 1275 2350 in
1297 2281 1402 2367 ἀνελή-

292 2403 364 2464 μων
392 2387 531 2446 mutatur
567 2380 617 2459 (ci.
646 2379 769 2446 Anecd.
798 2380 904 2445 Bekk.
928 2384 1008 2457 400,
1037 2384 1093 2469 393
1131 2383 1210 2447 Lob.
1241 2383 1330 2448 Patb.
1357 2381 1401 2446 Ill.

293 2480 319 2558 ι,
340 2481 426 2555 254).
1477 2483 1478 2496 ν

378 2576 418 2640 In
432 2575 615 2641 nominibus
629 2576 671 2640 ab
686 2574 856 2658 adjectivis
874 2574 907 2638 in
923 2597 999 2652 -οος
1022 2573 1174 2642 derivatis
1192 2584 1270 2642 ante
1291 2574 1397 2655 suffixa

293 2691 418 2756 quasa
445 2673 550 2738 vocali
571 2672 741 2755 incipiunt,
775 2674 918 2738 alterae
942 2672 1079 2754 eliditur,
1108 2680 1143 2737 ut
1165 2673 1236 2756 jam
1264 2674 1396 2752 vidimus,

292 2770 338 2836 sie
352 2765 517 2834 ἱοέὔνοια
531 2790 589 2853 pro
600 2766 802 2847 *scivero-ta,
813 2765 961 2852 βοήθεια
970 2790 1028 2852 pro
1043 2769 1282 2856 *βοηθοιτο-ιοι,
1294 2767 1397 2835 dulci-

189 2917 193 2922 .
295 2866 351 2944 ὄες
366 2886 425 2950 pro
442 2861 705 2944 *diriore-idem
727 2872 805 2932 ante
820 2865 944 2948 suffixa,
960 2886 1042 2949 quae
1056 2887 1078 2932 a
1092 2887 1234 2933 consona
1247 2867 1395 2957 incipiunt,

294 2989 332 3030 οο
354 2965 449 3031 modo
472 2970 655 3046 servantur,
678 2971 714 3027 ut
727 2964 762 3028 in
784 2963 944 3030 homerico
960 2961 1163 3051 ὀλοό-φρων,
1186 2965 1270 3030 utin
1285 2963 1396 3048 ἀθροο-
1476 3029 1477 3032 ,

292 3067 410 3141 ποτέος
434 3059 646 3147 ἀθροότης’),
669 3079 785 3142 quaen
806 3062 981 3143 posteriore
997 3060 1124 3126 demum
1145 3069 1252 3128 aetate
1275 3063 1394 3136 exstant

292 3161 382 3225 utin
405 3160 579 3226 thessalico
601 3159 730 3224 nomine
749 3154 954 3237 Όλοοσοών,
977 3158 1072 3224 modo
1096 3161 1129 3224 in
1152 3183 1170 3223 ο
1192 3160 1392 3244 corripiuntur,

292 3263 327 3322 ut
348 3257 384 3322 in
402 3253 570 3322 Ὀλοσσών
599 3253 776 3339 („Grdz.“³
798 3252 891 3339 523),
920 3255 953 3320 in
976 3257 1157 3322 nominibus
1179 3276 1251 3322 cum
1273 3253 1391 3328 ἁπλόος,

295 3352 435 3430 διπλόος
471 3353 670 3436 compositis:
714 3348 919 3439 ἆτιλο-ούνη,
964 3347 1130 3441 ‹inid-sqq
1173 3355 1266 3431 (Plat.
1302 3352 1390 3427 Xon),

293 3445 485 3535 ἆττλό-θριξ
498 3451 662 3532 (sitiebat),
679 3445 912 3535 ἁπλο-νιαθής,
929 3445 1172 3516 circio-addela
1186 3451 1286 3527 (Sext.
1295 3447 1389 3530 unp-l,

294 3542 536 3634 ὁπλο-σχήμων
560 3547 706 3629 (Strab.)‚
736 3543 942 3611 ἁπλό-τατον
966 3548 1076 3626 (Antis.
1099 3549 1153 3626 VI,
1180 3552 1267 3629 186),
1291 3538 1389 3611 dtaio'-

294 3668 403 3724 τατον,
428 3644 648 3730 ὃιιιλό-θριξ,
673 3642 929 3728 ὄιντλο-καρόίοέ,
956 3663 1039 3726 quae
1060 3665 1124 3710 non
1148 3652 1224 3710 ante
1245 3645 1384 3709 Platonem
1475 3643 1476 3646 ’

293 3743 503 3824 reperiuntur.
554 3743 665 3825 Neque
693 3741 776 3806 enim
806 3760 885 3806 eae
912 3742 1064 3825 stirpibus
1093 3736 1198 3821 ento,
1228 3741 1320 3806 drale
1343 3734 1384 3798 dc

296 3967 385 4114 1,an
411 3963 533 4036 ἀθρόοις
550 3970 705 4036 suspectum
723 3971 772 4033 est,
793 3965 826 4020 cf.
846 3967 935 4036 Steph.
955 3967 1034 4022 Thes.
1054 3983 1075 4022 s.
1096 3985 1118 4022 v.
1137 3971 1164 4023 et
1187 3967 1252 4022 Lob.
1269 3961 1336 4018 Path.
1349 3951 1380 4010 ul.
