2972 4868
431 484 463 539 de
481 485 692 555 reduplicatione
710 503 814 556 graeca.
1128 489 1190 552 327
1277 517 1279 524 ¹

155 651 478 736 βῖ-βά-ο-δ-ων
513 677 530 722 e
563 659 600 724 R.
640 663 685 742 βα
722 657 866 744 (βιβάς),
903 667 1101 728 &consona
1138 663 1192 729 de·

78 751 272 818 terminativa
283 754 431 831 accrevit,
445 755 629 822 oautemad
641 754 819 844 ἕχνώσθην
831 759 940 825 aoristi
953 759 1193 828 similitudinem

78 849 218 932 accessit;
243 849 284 916 de
304 849 389 934 ,θα-δ
412 853 497 918 onim
512 852 621 919 radice
644 853 810 936 (βαδίζω)
833 877 899 922 non
915 856 974 922 erit
989 857 1043 940 qui
1065 855 1191 942 cogitet.

153 946 443 1030 βῐ-βρώ-οκιν,
482 949 518 1014 R.
549 954 612 1034 βορ
642 970 660 1018 e
689 973 770 1036 yrop
801 947 1002 1038 «μνον-ονε)
1032 959 1117 1036 orta,
1153 954 1192 1020 ci.

80 1064 215 1126 μιν-φοι
238 1045 337 1130 (dupb
361 1047 455 1127 inim),
479 1045 691 1132 χαρχαρίζειν
714 1069 745 1131 p.
765 1053 836 1114 291.

154 1145 371 1226 χί-χνομαι
398 1144 514 1209 collato
538 1164 596 1210 scr.
616 1141 800 1230 ιᾁο-μόπ-πιὶ
819 1145 945 1214 videtur
967 1166 984 1212 e
1006 1171 1194 1232 χι·χνε-μαι

78 1239 238 1305 metathesi
266 1237 424 1323 prodiisse
454 1265 469 1305 ε
499 1240 542 1306 ad
570 1243 690 1310 vocalis
719 1243 911 1310 thematirae
937 1244 1031 1310 ritum
1059 1251 1193 1312 mutato.

77 1335 214 1402 Eandem
238 1337 431 1404 metathesin
455 1344 582 1422 praeter
597 1358 636 1404 ea
651 1359 732 1422 quae
747 1341 780 1405 in
797 1364 865 1406 οκω
890 1341 1039 1407 desinunt
1060 1343 1200 1426 praebet.

77 1431 408 1515 l'·7rror-porr‚i01·tasse
424 1439 534 1518 μίμνω
551 1441 677 1502 πίπτω.
689 1475 730 1482 -
741 1439 849 1521 με’-μον
866 1459 908 1504 an
922 1437 1068 1522 pipo-o?
1090 1445 1194 1524 Γίγας

79 1551 104 1594 v.
128 1552 157 1614 p.
181 1535 253 1597 325.

154 1627 417 1712 γι-χνώ-οκιο
456 1627 620 1714 tyrsi-oasa
651 1632 735 1698 κατὰ
762 1629 971 1720 Ἠπειρώτας
1005 1633 1056 1698 Et.
1087 1632 1195 1700 Orion.

79 1727 123 1805 ta,
149 1729 196 1800 17)
226 1728 264 1792 R.
289 1751 356 1809 χνιο
377 1748 516 1809 prro-sco.

156 1821 424 1910 δί-δη-μι(ῐ)
447 1825 466 1890 i.
492 1847 520 1910 q.
546 1826 639 1892 δέ-ιο.

156 1919 205 1985 δῖ
207 1919 251 1984 -δ
260 1919 440 2004 poi-oro,
474 1925 511 1988 R.
537 1923 608 2010 δρα,
639 1945 697 1990 scr.
721 1925 846 1988 dna-mi.
869 1961 911 1969 -
937 1944 967 1989 r.
991 1915 1031 2006 ps
1046 1927 1107 1987 279
1129 1929 1194 1988 not.

156 2017 174 2082 δ
183 2015 387 2083 ι-δό-οκω
411 2017 486 2097 (ἐν)
510 2021 625 2107 legitur·
647 2022 735 2106 apud
757 2022 943 2106 Josepbum‚
966 2021 1069 2102 LXX,
1094 2021 1133 2086 N.
1157 2023 1194 2086 T.
1324 2023 1326 2030 '

80 2113 107 2178 vi
128 2116 292 2182 causativa
315 2113 456 2192 (ἐνδύω).
1186 2190 1189 2198 Ι

157 2211 359 2294 δί-διο-μι
374 2230 379 2280 t
392 2215 436 2292 ἴ),
453 2235 511 2280 scr.
530 2215 691 2288 da-dd-me',
709 2219 746 2282 R.
760 2215 810 2280 δο.
827 2251 867 2261 -—
884 2211 1072 2296 διδώσομεν
1089 2239 1104 2278 ν
1122 2217 1194 2292 358,

81 2307 231 2375 διδώσειν
263 2335 288 2374 ιο
313 2315 389 2390 314,
423 2333 505 2394 quae
527 2311 730 2380 Aristarchus
759 2313 916 2394 corrigere
943 2311 1060 2392 voluit,
1094 2309 1196 2392 dupli-

82 2407 231 2474 cationem
254 2407 287 2473 in
309 2409 405 2474 futuri
428 2410 558 2492 stirpem
581 2412 789 2492 pertulerunt,
813 2410 852 2474 cl.
875 2405 1098 2494 ιιθὴοεοθαι.

159 2504 394 2598 δι’-ζη-μαι,
424 2507 509 2572 ande
534 2506 623 2585 δίζω,
648 2509 684 2572 R.
709 2507 744 2594 ζιχ
767 2507 912 2594 (Zp-adm,
934 2526 992 2572 scr.
1008 2503 1049 2588 jd
1072 2504 1130 2584 ire)
1154 2504 1194 2570 cl.

82 2598 112 2663 O.
133 2603 225 2668 Verh.
250 2603 274 2683 Ι,
299 2608 367 2668 153.
397 2603 493 2682 Quod
515 2603 646 2668 verbum
671 2603 779 2670 dubito
801 2625 844 2670 an
866 2605 899 2668 in
921 2602 1068 2686 perlectis
1090 2601 1195 2686 potius

82 2697 258 2766 habendum
289 2701 344 2764 sit:
382 2722 493 2766 namt
522 2701 642 2766 vocalis
671 2701 703 2766 in
738 2702 841 2786 prima
868 2701 995 2786 syllaba
1023 2707 1195 2784 usurpatae

83 2795 315 2862 similitudinem
339 2799 471 2881 praebet
493 2793 731 2885 δμφ-ῐ-οχυῐα
754 2800 942 2883 perfeetum,
973 2795 1058 2880 quod
1080 2796 1197 2880 legitur

83 2896 108 2954 B
129 2897 191 2958 316,
210 2893 269 2980 τὴν
294 2891 327 2956 δ)
352 2893 584 2978 ἐλελιξάμενος
606 2902 772 2982 πτέρυγος
794 2895 894 2980 λα’βεν
918 2891 1197 2980 ἀμφιαχυῖαν,

83 2990 164 3072 cujus
191 2992 293 3076 forma
316 2989 443 3073 quidem
466 2993 597 3075 perlecti
620 3000 669 3060 est
677 3043 685 3077 ,
720 2996 769 3060 vis
797 3002 903 3060 autem
931 2993 1109 3078 praesentis
1140 2990 1193 3076 (of.

82 3091 205 3172 κε’κριγα
227 3094 359 3171 με’μνκα
382 3088 591 3172 λελειχμδνες
615 3087 705 3176 (Hes.
721 3093 765 3158 lh.
782 3091 869 3175 826),
892 3085 1086 3176 πεπότημαι
1109 3089 1194 3173 etc).

83 3183 181 3261 Quare
217 3208 272 3251 our
307 3187 436 3270 syllaba
472 3189 575 3270 prima
612 3196 756 3272 correpta
789 3189 829 3255 sit
861 3210 926 3254 non
963 3181 1010 3252 est
1047 3185 1195 3270 dubium;

84 3284 311 3362 praesentis
348 3282 455 3365 (λάχω)
485 3285 570 3350 enim
602 3287 776 3370 duplicatio
805 3287 838 3350 in
868 3283 1025 3370 ejusmodi
1053 3282 1193 3365 perlecto

83 3377 232 3446 intensivo
262 3381 370 3448 valuit.
415 3381 507 3472 Quod
535 3383 620 3449 idem
650 3385 784 3450 fortasse
813 3381 949 3470 δίζημαι
977 3400 1105 3462 passum
1136 3389 1193 3463 est,
1321 3407 1323 3412 ·

85 3476 165 3558 cnjus
190 3504 206 3565 p
231 3471 334 3543 vocali
357 3479 489 3562 perfecti
512 3480 612 3546 lorma
633 3480 790 3546 indicatur
813 3479 941 3565 (κεῖμαι
964 3471 1048 3564 Ιἧμαι
1063 3497 1194 3559 quorum

85 3571 190 3656 stirpes
213 3584 286 3642 sunt
308 3577 550 3660 monosyllabae
572 3598 684 3644 vereor
706 3585 740 3643 ut
762 3585 836 3662 apte
859 3575 1075 3656 conterantur,
1102 3575 1194 3663 διζή-

85 3692 177 3750 μενος
212 3674 250 3740 cf.
280 3670 488 3760 ἀκαχήμενος
518 3669 724 3760 ἀλαλήμενος
750 3673 961 3758 ἐσοδμενος),
999 3679 1030 3738 et
1059 3692 1129 3737 cum
1154 3678 1193 3752 jo

86 3769 194 3836 radicis
228 3771 324 3836 eundi
358 3773 398 3836 sit
430 3773 495 3851 vis,
533 3771 595 3835 vim
637 3771 828 3838 intensivam
868 3769 1083 3852 investigandi
1118 3779 1194 3854 puto

87 3873 222 3946 apertam
246 3889 325 3934 esse.
348 3904 389 3914 —
412 3867 583 3953 δί-ζη-μαι
605 3889 622 3933 e
646 3867 834 3955 dt-dy'p-por
856 3869 982 3952 prodiit,
1012 3891 1110 3954 quare
1132 3878 1194 3958 φέ-

89 3963 205 4040 ψαλ-ος
227 3967 363 4032 nominis
379 3965 553 4056 duplicatio
575 3965 619 4048 (p.
636 3964 711 4050 320)
735 3987 799 4030 non
814 3985 922 4032 veram
937 3969 1071 4050 praebet
1086 3971 1195 4036 simili·

88 4059 232 4128 tudinem.
255 4098 296 4110 -·
320 4058 498 4147 διζήοομαι
521 4063 559 4127 oi.
583 4061 717 4128 διδώοοι
741 4063 794 4146 (an
818 4062 1065 4146 κεκράξομαιλ).

936 4165 991 4218 22*
1091 4211 1094 4217 .
1167 4161 1170 4170 “
