3020 4866
378 451 419 508 De
437 451 563 508 infinitivi
579 455 730 522 temporum
747 467 799 508 usu
817 451 999 523 Thucydideo.
1230 449 1249 514 9

125 626 215 694 tanei
242 625 405 692 notionem
435 625 614 707 continere,
645 623 763 692 deinde
784 625 839 692 ubi
860 625 894 692 in
916 625 1088 694 accusativi
1111 646 1182 697 cum
1204 627 1251 696 in·

125 721 251 790 finitive
281 728 438 790 structura
466 721 632 790 indicativi
655 723 741 790 vices
764 723 956 808 susceperit,
979 725 1151 807 praeterito
1174 733 1251 794 tem·

125 821 206 914 porix
224 819 411 888 adstrictum
441 839 523 888 csse.
565 821 773 888 Pervenimus
802 821 898 904 igitur
919 820 962 888 ad
985 820 1122 890 eundem
1145 823 1248 908 finem,

125 938 221 1002 quem
237 916 420 1002 Madvigius
442 919 475 994 (l.
492 919 513 984 1.
529 939 603 1002 pag.
620 922 674 998 33)
696 926 884 988 consecutus
899 925 956 998 est,
979 918 1041 984 nisi
1057 919 1143 1002 quod
1157 923 1250 990 nobis

124 1017 238 1084 aoristi
259 1014 409 1084 infinitivi
430 1035 516 1097 usus,
540 1035 634 1099 quem
657 1017 691 1084 in
706 1017 889 1086 accusativo
905 1035 975 1083 cum
990 1016 1046 1084 ini.
1062 1020 1246 1104 reperimus,

123 1113 285 1182 recentior
307 1113 435 1180 videtur
457 1133 537 1182 esse.

123 1353 141 1433 ἓ
165 1355 196 1416 3.
231 1351 290 1416 De
313 1347 595 1430 RELIQUORUM
618 1349 959 1418 INFINI'PIVORUM
981 1349 1026 1418 VI
1048 1351 1105 1418 ΕΤ
1126 1355 1185 1420 De
1205 1351 1248 1419 ἄν

123 1447 371 1515 PARTIOULA
407 1447 882 1615 INHNITIXgI'lifflEGTA
914 1449 963 1515 IN
995 1449 1249 1519 UNIVERSUM

211 1698 263 1764 De
284 1698 393 1764 acuisti
415 1699 574 1766 infinitivo
597 1719 668 1766 cum
691 1700 770 1768 satis
793 1700 988 1788 disputatum
1005 1719 1077 1768 csse
1091 1693 1247 1786 videatur,

122 1813 298 1880 pergamus
319 1795 362 1862 ad
376 1798 569 1881 reliquorum
584 1819 686 1866 usum.
723 1799 906 1868 Praesentis
919 1797 1075 1864 infinitivo
1090 1801 1248 1866 actionem

123 1893 294 1960 durantem
334 1896 500 1980 exprimi,
527 1903 562 1962 ut
599 1894 764 1980 βούλομαι
796 1899 1037 1980 παραβαίνειν,
1072 1895 1248 1980 δυνάμεθα
1289 1953 1291 1958 .

124 1987 241 2074 ἄρχειν
260 1990 330 2073 jam
353 2014 452 2078 supra
467 1993 673 2077 ostendimus,
689 2013 794 2078 neque
809 1994 914 2060 minue
929 1994 1038 2077 liquet,
1062 1993 1199 2061 eundem
1214 1995 1248 2062 in

124 2093 271 2160 oratione
304 2091 450 2175 obliqua,
479 2091 501 2156 ir
530 2109 558 2158 e.
587 2091 621 2156 in
650 2092 833 2158 accusativo
862 2111 933 2158 cum
962 2092 1018 2158 ini.
1049 2099 1122 2177 post
1149 2094 1249 2160 verba

123 2190 279 2275 putandi,
317 2188 461 2270 dicendi,
498 2188 674 2271 sentiendi,
712 2196 864 2271 tanquam
894 2188 1059 2256 indicativi
1093 2189 1247 2256 vicarium

123 2307 282 2372 praesens
304 2285 447 2354 indidere
461 2293 603 2370 tempus:
627 2285 731 2371 ἔγωγε
756 2282 890 2370 ἀγαπᾶν
913 2284 1028 2368 οἴομαι
1051 2284 1172 2366 αὐτοὺς
1195 2283 1247 2354 ὅτι

125 2383 184 2468 οὐχ
207 2380 307 2474 ἡμεῖς
329 2380 388 2452 ἐπ’
414 2381 564 2461 ἐκείνους
587 2381 758 2467 ἐρχόμεθα
782 2383 892 2462 (Thuo.
916 2384 970 2466 VI,
995 2389 1045 2466 36,
1069 2389 1109 2464 3).
1154 2385 1248 2464 Free-

123 2489 213 2550 terea
233 2503 310 2549 vero
332 2482 416 2548 bene
437 2481 545 2548 animo
567 2481 742 2554 tenendum
764 2488 827 2561 est,
857 2483 1035 2564 praesentis
1056 2482 1247 2550 infinitivum

123 2580 302 2664 imperfecti
334 2598 460 2662 quoque
492 2579 563 2646 viee
595 2580 628 2644 in
656 2578 838 2644 accusativo
867 2598 938 2644 cum
965 2578 1122 2646 infinitivo
1147 2581 1247 2664 iungi.

124 2679 208 2744 Nam
231 2697 302 2748 oum
326 2697 344 2744 e
365 2677 508 2744 themate
528 2677 708 2760 praesentis
731 2674 793 2740 duo
808 2675 937 2740 deducti
952 2683 1059 2744 essent
1071 2677 1247 2761 indicativi,

124 2793 280 2860 praeseus
302 2781 334 2840 et
354 2775 583 2859 imperfectum,
606 2771 782 2838 infinitivus
796 2779 903 2840 autem
918 2795 1010 2856 unus,
1031 2794 1165 2846 necesse
1178 2784 1248 2842 erat

125 2872 316 2940 infinitivum
353 2893 410 2956 pro
439 2879 572 2954 utroque
599 2871 791 2953 indicativo,
828 2879 922 2956 prout
951 2873 1111 2938 sententia
1138 2881 1247 2957 postu-

124 2972 215 3052 laret,
240 2971 401 3054 usurpari:
424 2971 449 3048 I,
474 2973 524 3054 25,
548 2973 566 3034 3
590 2968 783 3050 νομίζοντες
806 2966 866 3050 οὐχ
886 2961 991 3056 ἧσσον
1015 2968 1142 3035 ἑαυτῶν
1159 2966 1247 3038 εἶναι

126 3067 185 3155 τὴν
208 3064 371 3134 ἀποικίαν
394 3063 417 3155 ἢ
439 3071 667 3151 Κερκυραίων.
711 3067 766 3148 IV,
791 3070 842 3148 21,
869 3074 880 3131 i
908 3065 941 3131 oi
964 3068 1025 3149 μὲν
1048 3055 1106 3134 οὖν
1129 3076 1247 3135 Aona-

128 3164 299 3248 δαιμόνιοι
330 3171 478 3232 τοσαῦτα
512 3159 627 3248 εἶπον,
660 3163 853 3248 νομίζοντες
885 3163 963 3242 τοὺς
985 3153 1187 3252 Ἀθηναίουὲ
1209 3164 1245 3234 ἐν

126 3271 172 3349 τῷ
201 3263 283 3348 πρὶν
309 3262 419 3349 χρόνῳ
452 3262 608 3330 σπονδῶν
637 3263 698 3345 μὲν
727 3260 927 3344 ἐπιθυμεῖν,
958 3268 1054 3348 σφιῦν
1084 3262 1120 3330 dd
1150 3262 1247 3332 ἐναν-

127 3365 310 3443 τιουμένων
325 3359 530 3438 κωλύεσθαι,
553 3361 608 3426 ubi
629 3361 766 3426 coriscus
787 3381 851 3426 non
867 3360 965 3426 habet
977 3360 1092 3442 locum,
1115 3361 1247 3444 quiade

128 3459 314 3526 condicione
342 3458 478 3526 durante
505 3459 538 3524 in
561 3459 733 3544 praeterito
755 3457 867 3540 agitur.
911 3457 1064 3524 Similiter
1086 3459 1247 3542 optativus

38 3629 40 3636 ,
128 3555 305 3640 praesentis
337 3557 371 3622 iu
404 3557 548 3623 oratione
582 3556 711 3638 obliqua
745 3561 777 3620 et
804 3555 982 3637 praesentis
1011 3561 1043 3621 et
1069 3555 1247 3640 imperfecti

128 3654 212 3722 vices
241 3653 375 3738 suscipit
407 3653 459 3731 (oi.
480 3653 621 3737 Madvig.
654 3654 675 3718 1.
704 3653 726 3718 1.
754 3671 829 3735 pag.
856 3654 923 3733 15),
956 3651 1158 3736 participium
1188 3675 1246 3739 pro

129 3757 260 3835 utroque
281 3759 426 3836 tempore
441 3751 578 3836 ponitur,
601 3749 769 3834 participio
784 3769 849 3814 uua
864 3769 935 3816 oum
951 3744 991 3814 ἄν
1007 3750 1165 3832 particula
1180 3773 1245 3819 uon

129 3849 227 3914 solum
262 3850 424 3932 optativus
454 3849 732 3932 praesentianum
761 3844 801 3912 dr
824 3845 1038 3928 consociatus,
1069 3847 1245 3916 sedetiam

130 3945 344 4030 imperfectum
367 3967 437 4013 cum
460 3947 575 4013 eadem
597 3946 712 4011 vocula
734 3945 936 4028 conjunctum
958 3944 1111 4010 redditur.

212 4043 348 4112 Periecti
382 4045 489 4129 graeei
521 4043 729 4114 indicativum
765 4043 848 4110 iuter
881 4061 992 4110 omnes
1025 4049 1150 4108 constat
1177 4063 1244 4110 rem
