<?xml version="1.0" encoding="UTF-8"?>
<!DOCTYPE html PUBLIC "-//W3C//DTD XHTML 1.0 Transitional//EN"
    "http://www.w3.org/TR/xhtml1/DTD/xhtml1-transitional.dtd">
<html xmlns="http://www.w3.org/1999/xhtml" xml:lang="en" lang="en">
 <head>
  <title>
</title>
<meta http-equiv="Content-Type" content="text/html;charset=utf-8" />
  <meta name='ocr-system' content='tesseract 3.04.00' />
  <meta name='ocr-capabilities' content='ocr_page ocr_carea ocr_par ocr_line ocrx_word'/>
</head>
<body>
  <div class='ocr_page' id='page_1' title='image "./studienzurgriec02vanigoog_0082.png"; bbox 0 0 3020 4866; ppageno 0'>
   <div class='ocr_carea' id='block_1_1' title="bbox 263 385 909 449">
    <p class='ocr_par' dir='ltr' id='par_1_1' title="bbox 263 385 909 449">
     <span class='ocr_line' id='line_1_1' title="bbox 263 385 909 449; baseline -0.015 0"><span class='ocrx_word' id='word_1_1' title='bbox 263 385 303 449; x_wconf 81' lang='lat'><strong>72</strong></span> <span class='ocrx_word' id='word_1_2' title='bbox 742 385 909 442; x_wconf 83' lang='lat' dir='ltr'><strong>Fonssmcnn</strong></span> 
     </span>
    </p>
   </div>
   <div class='ocr_carea' id='block_1_2' title="bbox 259 553 1389 1520">
    <p class='ocr_par' dir='ltr' id='par_1_2' title="bbox 259 553 1389 1520">
     <span class='ocr_line' id='line_1_2' title="bbox 262 553 1387 642; baseline -0.004 -14"><span class='ocrx_word' id='word_1_3' title='bbox 262 558 432 628; x_wconf 83' lang='lat' dir='ltr'><strong>dicendum</strong></span> <span class='ocrx_word' id='word_1_4' title='bbox 470 559 544 638; x_wconf 88' lang='lat' dir='ltr'><strong>erit,</strong></span> <span class='ocrx_word' id='word_1_5' title='bbox 581 558 720 642; x_wconf 76' lang='lat' dir='ltr'><strong>probant</strong></span> <span class='ocrx_word' id='word_1_6' title='bbox 752 553 845 642; x_wconf 79' lang='grc' dir='ltr'><em>χράω</em></span> <span class='ocrx_word' id='word_1_7' title='bbox 879 557 1016 640; x_wconf 86' lang='lat' dir='ltr'><strong>aliisquo</strong></span> <span class='ocrx_word' id='word_1_8' title='bbox 1044 554 1243 624; x_wconf 86' lang='lat' dir='ltr'><strong>vaticinandi</strong></span> <span class='ocrx_word' id='word_1_9' title='bbox 1279 557 1387 624; x_wconf 86' lang='lat' dir='ltr'>verbis</span> 
     </span>
     <span class='ocr_line' id='line_1_3' title="bbox 260 653 1382 740; baseline -0.004 -15"><span class='ocrx_word' id='word_1_10' title='bbox 260 659 352 725; x_wconf 87' lang='lat' dir='ltr'><strong>iilam</strong></span> <span class='ocrx_word' id='word_1_11' title='bbox 381 658 447 722; x_wconf 85' lang='lat' dir='ltr'><strong>vim</strong></span> <span class='ocrx_word' id='word_1_12' title='bbox 475 658 591 726; x_wconf 88' lang='lat' dir='ltr'>inesse.</span> <span class='ocrx_word' id='word_1_13' title='bbox 642 656 756 738; x_wconf 82' lang='lat' dir='ltr'>Neque</span> <span class='ocrx_word' id='word_1_14' title='bbox 785 655 942 740; x_wconf 75' lang='lat' dir='ltr'><strong>exceptio,</strong></span> <span class='ocrx_word' id='word_1_15' title='bbox 972 674 1066 737; x_wconf 82' lang='lat' dir='ltr'><strong>quam</strong></span> <span class='ocrx_word' id='word_1_16' title='bbox 1097 653 1178 737; x_wconf 88' lang='lat' dir='ltr'><strong>dico,</strong></span> <span class='ocrx_word' id='word_1_17' title='bbox 1210 654 1269 737; x_wconf 90' lang='lat'>111,</span> <span class='ocrx_word' id='word_1_18' title='bbox 1293 656 1382 733; x_wconf 81' lang='lat' dir='ltr'>9e,1</span> 
     </span>
     <span class='ocr_line' id='line_1_4' title="bbox 259 748 1387 843; baseline -0.003 -22"><span class='ocrx_word' id='word_1_19' title='bbox 259 756 413 843; x_wconf 79' lang='grc' dir='ltr'><strong><em>χρησθὲν</em></strong></span> <span class='ocrx_word' id='word_1_20' title='bbox 436 752 526 841; x_wconf 74' lang='grc' dir='ltr'><strong><em>αὐτῷ</em></strong></span> <span class='ocrx_word' id='word_1_21' title='bbox 548 753 584 822; x_wconf 73' lang='grc' dir='ltr'><strong>ἐν</strong></span> <span class='ocrx_word' id='word_1_22' title='bbox 607 757 723 838; x_wconf 79' lang='grc' dir='ltr'><strong><em>Νεμέᾳ</em></strong></span> <span class='ocrx_word' id='word_1_23' title='bbox 750 759 850 818; x_wconf 83' lang='grc' dir='ltr'><strong><em>τοῦτο</em></strong></span> <span class='ocrx_word' id='word_1_24' title='bbox 878 756 1009 818; x_wconf 78' lang='grc' dir='ltr'><strong><em>παθεῖν</em></strong></span> <span class='ocrx_word' id='word_1_25' title='bbox 1038 758 1093 828; x_wconf 82' lang='lat' dir='ltr'><strong>(sc.</strong></span> <span class='ocrx_word' id='word_1_26' title='bbox 1117 748 1338 830; x_wconf 79' lang='grc' dir='ltr'><strong><em>ἀποθανεῖν),</em></strong></span> <span class='ocrx_word' id='word_1_27' title='bbox 1365 772 1387 818; x_wconf 78' lang='lat' dir='ltr'><strong>a</strong></span> 
     </span>
     <span class='ocr_line' id='line_1_5' title="bbox 262 849 1386 942; baseline -0.003 -23"><span class='ocrx_word' id='word_1_28' title='bbox 262 854 374 942; x_wconf 79' lang='lat' dir='ltr'>regula</span> <span class='ocrx_word' id='word_1_29' title='bbox 395 851 582 936; x_wconf 85' lang='lat' dir='ltr'><strong>principali,</strong></span> <span class='ocrx_word' id='word_1_30' title='bbox 612 849 656 915; x_wconf 87' lang='lat' dir='ltr'><strong>ad</strong></span> <span class='ocrx_word' id='word_1_31' title='bbox 683 869 778 933; x_wconf 84' lang='lat' dir='ltr'><strong>quum</strong></span> <span class='ocrx_word' id='word_1_32' title='bbox 807 849 956 915; x_wconf 87' lang='lat' dir='ltr'><strong>infinitivi</strong></span> <span class='ocrx_word' id='word_1_33' title='bbox 984 870 1075 916; x_wconf 88' lang='lat' dir='ltr'><strong>usum</strong></span> <span class='ocrx_word' id='word_1_34' title='bbox 1104 849 1308 934; x_wconf 86' lang='lat' dir='ltr'><strong>dirigendum</strong></span> <span class='ocrx_word' id='word_1_35' title='bbox 1334 870 1386 918; x_wconf 83' lang='lat' dir='ltr'>ex·</span> 
     </span>
     <span class='ocr_line' id='line_1_6' title="bbox 261 947 1386 1031; baseline -0.001 -16"><span class='ocrx_word' id='word_1_36' title='bbox 261 950 458 1029; x_wconf 70' lang='lat' dir='ltr'><strong>intimamus,</strong></span> <span class='ocrx_word' id='word_1_37' title='bbox 490 947 636 1016; x_wconf 74' lang='lat' dir='ltr'><strong>discedit.</strong></span> <span class='ocrx_word' id='word_1_38' title='bbox 681 947 765 1012; x_wconf 86' lang='lat' dir='ltr'><strong>Nam</strong></span> <span class='ocrx_word' id='word_1_39' title='bbox 794 947 869 1014; x_wconf 89' lang='lat' dir='ltr'><strong>iicet</strong></span> <span class='ocrx_word' id='word_1_40' title='bbox 886 947 1024 1031; x_wconf 88' lang='lat' dir='ltr'>jubendi</span> <span class='ocrx_word' id='word_1_41' title='bbox 1046 947 1128 1012; x_wconf 90' lang='lat' dir='ltr'>nihil</span> <span class='ocrx_word' id='word_1_42' title='bbox 1149 949 1183 1013; x_wconf 94' lang='lat' dir='ltr'><strong>in</strong></span> <span class='ocrx_word' id='word_1_43' title='bbox 1205 949 1266 1014; x_wconf 86' lang='lat' dir='ltr'><strong>hac</strong></span> <span class='ocrx_word' id='word_1_44' title='bbox 1289 967 1386 1014; x_wconf 88' lang='lat' dir='ltr'>enun-</span> 
     </span>
     <span class='ocr_line' id='line_1_7' title="bbox 262 1044 1386 1129; baseline -0.002 -15"><span class='ocrx_word' id='word_1_45' title='bbox 262 1046 396 1114; x_wconf 84' lang='lat' dir='ltr'><strong>tiatione</strong></span> <span class='ocrx_word' id='word_1_46' title='bbox 423 1047 515 1128; x_wconf 88' lang='lat' dir='ltr'><strong>insit,</strong></span> <span class='ocrx_word' id='word_1_47' title='bbox 552 1053 661 1111; x_wconf 88' lang='lat' dir='ltr'><strong>tamen</strong></span> <span class='ocrx_word' id='word_1_48' title='bbox 695 1065 753 1128; x_wconf 88' lang='lat' dir='ltr'><strong>pro</strong></span> <span class='ocrx_word' id='word_1_49' title='bbox 781 1044 885 1111; x_wconf 80' lang='lat' dir='ltr'><strong>futuro</strong></span> <span class='ocrx_word' id='word_1_50' title='bbox 921 1066 986 1112; x_wconf 94' lang='lat' dir='ltr'><strong>non</strong></span> <span class='ocrx_word' id='word_1_51' title='bbox 1015 1052 1064 1112; x_wconf 88' lang='lat' dir='ltr'><strong>cst</strong></span> <span class='ocrx_word' id='word_1_52' title='bbox 1090 1045 1213 1129; x_wconf 89' lang='lat' dir='ltr'><strong>positus</strong></span> <span class='ocrx_word' id='word_1_53' title='bbox 1241 1047 1386 1126; x_wconf 77' lang='lat' dir='ltr'><strong>acrisium,</strong></span> 
     </span>
     <span class='ocr_line' id='line_1_8' title="bbox 262 1141 1387 1231; baseline -0.002 -21"><span class='ocrx_word' id='word_1_54' title='bbox 262 1152 432 1231; x_wconf 84' lang='lat' dir='ltr'>propterea</span> <span class='ocrx_word' id='word_1_55' title='bbox 465 1143 550 1227; x_wconf 94' lang='lat' dir='ltr'><strong>quod</strong></span> <span class='ocrx_word' id='word_1_56' title='bbox 583 1141 703 1227; x_wconf 84' lang='lat' dir='ltr'>pendet</span> <span class='ocrx_word' id='word_1_57' title='bbox 731 1161 749 1208; x_wconf 92' lang='lat' dir='ltr'>e</span> <span class='ocrx_word' id='word_1_58' title='bbox 776 1142 873 1208; x_wconf 84' lang='lat' dir='ltr'><strong>simili</strong></span> <span class='ocrx_word' id='word_1_59' title='bbox 901 1143 1031 1210; x_wconf 88' lang='lat' dir='ltr'>notione</span> <span class='ocrx_word' id='word_1_60' title='bbox 1064 1142 1262 1222; x_wconf 85' lang='lat' dir='ltr'><strong>destinandi,</strong></span> <span class='ocrx_word' id='word_1_61' title='bbox 1296 1143 1387 1226; x_wconf 87' lang='lat' dir='ltr'><strong>quasi</strong></span> 
     </span>
     <span class='ocr_line' id='line_1_9' title="bbox 264 1229 1389 1327; baseline 0 -19"><span class='ocrx_word' id='word_1_62' title='bbox 264 1241 383 1308; x_wconf 82' lang='lat' dir='ltr'><strong>dictum</strong></span> <span class='ocrx_word' id='word_1_63' title='bbox 406 1248 506 1308; x_wconf 79' lang='lat' dir='ltr'>esset:</span> <span class='ocrx_word' id='word_1_64' title='bbox 544 1239 768 1325; x_wconf 80' lang='grc' dir='ltr'><strong><em>,,εἱμαρμένον</em></strong></span> <span class='ocrx_word' id='word_1_65' title='bbox 791 1229 831 1327; x_wconf 79' lang='grc' dir='ltr'><strong>ἦν</strong></span> <span class='ocrx_word' id='word_1_66' title='bbox 854 1236 944 1326; x_wconf 75' lang='grc' dir='ltr'><strong><em>αὐτῷ</em></strong></span> <span class='ocrx_word' id='word_1_67' title='bbox 966 1241 1064 1305; x_wconf 79' lang='grc' dir='ltr'><strong><em>ταῦτα</em></strong></span> <span class='ocrx_word' id='word_1_68' title='bbox 1086 1240 1249 1307; x_wconf 82' lang='grc' dir='ltr'><strong><em>παθεῖν.“</em></strong></span> <span class='ocrx_word' id='word_1_69' title='bbox 1286 1240 1389 1308; x_wconf 81' lang='lat' dir='ltr'>Plane</span> 
     </span>
     <span class='ocr_line' id='line_1_10' title="bbox 263 1330 1387 1424; baseline -0.002 -18"><span class='ocrx_word' id='word_1_70' title='bbox 263 1330 360 1424; x_wconf 82' lang='lat' dir='ltr'><strong>igitur</strong></span> <span class='ocrx_word' id='word_1_71' title='bbox 374 1338 520 1422; x_wconf 81' lang='lat' dir='ltr'><strong>congiuit</strong></span> <span class='ocrx_word' id='word_1_72' title='bbox 541 1338 593 1404; x_wconf 92' lang='lat' dir='ltr'><strong>hic</strong></span> <span class='ocrx_word' id='word_1_73' title='bbox 614 1339 704 1403; x_wconf 91' lang='lat' dir='ltr'><strong>locus</strong></span> <span class='ocrx_word' id='word_1_74' title='bbox 727 1357 862 1419; x_wconf 86' lang='lat' dir='ltr'><strong>eunuco,</strong></span> <span class='ocrx_word' id='word_1_75' title='bbox 887 1339 941 1420; x_wconf 87' lang='lat' dir='ltr'><strong>qui</strong></span> <span class='ocrx_word' id='word_1_76' title='bbox 962 1338 1079 1422; x_wconf 81' lang='lat' dir='ltr'><strong>legitur</strong></span> <span class='ocrx_word' id='word_1_77' title='bbox 1092 1338 1180 1422; x_wconf 87' lang='lat' dir='ltr'><strong>apud</strong></span> <span class='ocrx_word' id='word_1_78' title='bbox 1194 1337 1387 1422; x_wconf 78' lang='lat' dir='ltr'>Sophoclem</span> 
     </span>
     <span class='ocr_line' id='line_1_11' title="bbox 263 1433 733 1520; baseline -0.009 -16"><span class='ocrx_word' id='word_1_79' title='bbox 263 1439 298 1504; x_wconf 92' lang='lat' dir='ltr'><strong>in</strong></span> <span class='ocrx_word' id='word_1_80' title='bbox 321 1435 489 1520; x_wconf 87' lang='lat' dir='ltr'>Oedipode</span> <span class='ocrx_word' id='word_1_81' title='bbox 510 1437 599 1520; x_wconf 84' lang='lat' dir='ltr'>Rege</span> <span class='ocrx_word' id='word_1_82' title='bbox 624 1433 733 1520; x_wconf 85' lang='lat'>(711):</span> 
     </span>
    </p>
   </div>
   <div class='ocr_carea' id='block_1_3' title="bbox 390 1555 1388 1843">
    <p class='ocr_par' dir='ltr' id='par_1_3' title="bbox 390 1555 1388 1843">
     <span class='ocr_line' id='line_1_12' title="bbox 390 1555 1110 1655; baseline -0.004 -21"><span class='ocrx_word' id='word_1_83' title='bbox 390 1565 542 1655; x_wconf 82' lang='grc' dir='ltr'><strong><em>χρησμὸς</em></strong></span> <span class='ocrx_word' id='word_1_84' title='bbox 564 1564 627 1651; x_wconf 82' lang='grc' dir='ltr'><strong>γὰρ</strong></span> <span class='ocrx_word' id='word_1_85' title='bbox 650 1555 738 1653; x_wconf 76' lang='grc' dir='ltr'><strong><em>ἦλθε</em></strong></span> <span class='ocrx_word' id='word_1_86' title='bbox 761 1565 865 1652; x_wconf 78' lang='grc' dir='ltr'><strong>Λαΐῳ</strong></span> <span class='ocrx_word' id='word_1_87' title='bbox 888 1566 972 1632; x_wconf 74' lang='grc' dir='ltr'><strong><em>ποτε</em></strong></span> <span class='ocrx_word' id='word_1_88' title='bbox 996 1616 1003 1632; x_wconf 94' lang='grc'><strong><em>.</em></strong></span> <span class='ocrx_word' id='word_1_89' title='bbox 1028 1615 1035 1630; x_wconf 95' lang='grc'>.</span> <span class='ocrx_word' id='word_1_90' title='bbox 1059 1613 1077 1648; x_wconf 85' lang='grc'><strong>.,</strong></span> <span class='ocrx_word' id='word_1_91' title='bbox 1107 1625 1110 1631; x_wconf 92' lang='grc'><em>.</em></span> 
     </span>
     <span class='ocr_line' id='line_1_13' title="bbox 392 1659 1388 1762; baseline -0.001 -32"><span class='ocrx_word' id='word_1_92' title='bbox 392 1660 438 1743; x_wconf 81' lang='grc' dir='ltr'><strong>ὡς</strong></span> <span class='ocrx_word' id='word_1_93' title='bbox 460 1660 561 1762; x_wconf 80' lang='grc' dir='ltr'><strong><em>αὐτὸν</em></strong></span> <span class='ocrx_word' id='word_1_94' title='bbox 577 1660 653 1759; x_wconf 76' lang='grc' dir='ltr'><strong><em>ἥξοι</em></strong></span> <span class='ocrx_word' id='word_1_95' title='bbox 676 1659 892 1746; x_wconf 83' lang='lat' dir='ltr'>(Schneidew.</span> <span class='ocrx_word' id='word_1_96' title='bbox 920 1661 1005 1747; x_wconf 75' lang='grc' dir='ltr'>ἕξοι)</span> <span class='ocrx_word' id='word_1_97' title='bbox 1027 1674 1131 1747; x_wconf 85' lang='grc' dir='ltr'><strong><em>μοῖρα</em></strong></span> <span class='ocrx_word' id='word_1_98' title='bbox 1149 1661 1237 1748; x_wconf 81' lang='grc' dir='ltr'><strong><em>πρὸς</em></strong></span> <span class='ocrx_word' id='word_1_99' title='bbox 1262 1662 1388 1742; x_wconf 77' lang='grc' dir='ltr'><strong><em>παιδὸς</em></strong></span> 
     </span>
     <span class='ocr_line' id='line_1_14' title="bbox 1079 1765 1210 1843; baseline 0.008 -19"><span class='ocrx_word' id='word_1_100' title='bbox 1079 1765 1210 1843; x_wconf 84' lang='grc' dir='ltr'><strong><em>θανεῖν,</em></strong></span> 
     </span>
    </p>
   </div>
   <div class='ocr_carea' id='block_1_4' title="bbox 263 1878 1388 2066">
    <p class='ocr_par' dir='ltr' id='par_1_4' title="bbox 263 1878 1388 2066">
     <span class='ocr_line' id='line_1_15' title="bbox 264 1878 1388 1967; baseline 0.002 -19"><span class='ocrx_word' id='word_1_101' title='bbox 264 1881 326 1949; x_wconf 92' lang='lat' dir='ltr'><strong>nisi</strong></span> <span class='ocrx_word' id='word_1_102' title='bbox 357 1879 442 1964; x_wconf 89' lang='lat' dir='ltr'><strong>quod</strong></span> <span class='ocrx_word' id='word_1_103' title='bbox 471 1878 680 1963; x_wconf 83' lang='lat' dir='ltr'><strong>Thucydides</strong></span> <span class='ocrx_word' id='word_1_104' title='bbox 711 1879 841 1945; x_wconf 82' lang='lat' dir='ltr'><strong>brevius</strong></span> <span class='ocrx_word' id='word_1_105' title='bbox 869 1887 918 1946; x_wconf 90' lang='lat' dir='ltr'><strong>cst</strong></span> <span class='ocrx_word' id='word_1_106' title='bbox 944 1879 1078 1946; x_wconf 89' lang='lat' dir='ltr'><strong>locutus.</strong></span> <span class='ocrx_word' id='word_1_107' title='bbox 1122 1879 1188 1947; x_wconf 87' lang='lat' dir='ltr'>Sed</span> <span class='ocrx_word' id='word_1_108' title='bbox 1211 1881 1388 1967; x_wconf 85' lang='lat' dir='ltr'>Sophocles</span> 
     </span>
     <span class='ocr_line' id='line_1_16' title="bbox 263 1976 668 2066; baseline -0.015 -20"><span class='ocrx_word' id='word_1_109' title='bbox 263 1981 335 2066; x_wconf 90' lang='lat' dir='ltr'><strong>ipsc</strong></span> <span class='ocrx_word' id='word_1_110' title='bbox 357 1977 438 2046; x_wconf 84' lang='lat' dir='ltr'>Oed.</span> <span class='ocrx_word' id='word_1_111' title='bbox 461 1976 529 2044; x_wconf 80' lang='lat' dir='ltr'>Col.</span> <span class='ocrx_word' id='word_1_112' title='bbox 551 1997 582 2042; x_wconf 83' lang='lat' dir='ltr'><strong>v.</strong></span> <span class='ocrx_word' id='word_1_113' title='bbox 606 1979 668 2042; x_wconf 85' lang='grc'><strong>969</strong></span> 
     </span>
    </p>
   </div>
   <div class='ocr_carea' id='block_1_5' title="bbox 393 2093 1272 2281">
    <p class='ocr_par' dir='ltr' id='par_1_5' title="bbox 393 2093 1272 2281">
     <span class='ocr_line' id='line_1_17' title="bbox 674 2093 1087 2182; baseline -0.007 -20"><span class='ocrx_word' id='word_1_114' title='bbox 674 2093 708 2162; x_wconf 81' lang='lat' dir='ltr'><strong>c’c&#39;</strong></span> <span class='ocrx_word' id='word_1_115' title='bbox 726 2119 760 2160; x_wconf 82' lang='grc' dir='ltr'><strong>τι</strong></span> <span class='ocrx_word' id='word_1_116' title='bbox 781 2097 961 2182; x_wconf 82' lang='grc' dir='ltr'><strong><em>θέσφατον</em></strong></span> <span class='ocrx_word' id='word_1_117' title='bbox 983 2095 1087 2180; x_wconf 81' lang='grc' dir='ltr'><strong><em>πατρὶ</em></strong></span> 
     </span>
     <span class='ocr_line' id='line_1_18' title="bbox 393 2187 1272 2281; baseline -0.003 -20"><span class='ocrx_word' id='word_1_118' title='bbox 393 2204 593 2281; x_wconf 81' lang='grc' dir='ltr'><strong><em>χρησμοῖσιν</em></strong></span> <span class='ocrx_word' id='word_1_119' title='bbox 617 2187 757 2274; x_wconf 79' lang='grc' dir='ltr'><strong><em>ἱκνεῖθ’,</em></strong></span> <span class='ocrx_word' id='word_1_120' title='bbox 781 2187 863 2268; x_wconf 70' lang='lat' dir='ltr'><strong>(dccc</strong></span> <span class='ocrx_word' id='word_1_121' title='bbox 886 2189 974 2276; x_wconf 80' lang='grc' dir='ltr'><strong><em>πρὸς</em></strong></span> <span class='ocrx_word' id='word_1_122' title='bbox 995 2191 1129 2258; x_wconf 77' lang='grc' dir='ltr'><strong><em>παίδων</em></strong></span> <span class='ocrx_word' id='word_1_123' title='bbox 1151 2195 1272 2260; x_wconf 77' lang='grc' dir='ltr'><strong><em>θανεῖν</em></strong></span> 
     </span>
    </p>
   </div>
   <div class='ocr_carea' id='block_1_6' title="bbox 264 2335 1436 2912">
    <p class='ocr_par' dir='ltr' id='par_1_6' title="bbox 264 2335 1436 2912">
     <span class='ocr_line' id='line_1_19' title="bbox 266 2335 1389 2425; baseline 0.001 -22"><span class='ocrx_word' id='word_1_124' title='bbox 266 2338 445 2405; x_wconf 83' lang='lat' dir='ltr'>breviorem</span> <span class='ocrx_word' id='word_1_125' title='bbox 467 2335 639 2420; x_wconf 89' lang='lat' dir='ltr'>eloquendi</span> <span class='ocrx_word' id='word_1_126' title='bbox 660 2335 790 2402; x_wconf 89' lang='lat' dir='ltr'><strong>modum</strong></span> <span class='ocrx_word' id='word_1_127' title='bbox 812 2335 971 2412; x_wconf 85' lang='lat' dir='ltr'><strong>adhibuit,</strong></span> <span class='ocrx_word' id='word_1_128' title='bbox 994 2335 1187 2420; x_wconf 90' lang='lat' dir='ltr'>omninoque</span> <span class='ocrx_word' id='word_1_129' title='bbox 1209 2337 1389 2425; x_wconf 78' lang='grc' dir='ltr'><strong><em>θέσφατόν</em></strong></span> 
     </span>
     <span class='ocr_line' id='line_1_20' title="bbox 265 2433 1400 2516; baseline -0.003 -14"><span class='ocrx_word' id='word_1_130' title='bbox 265 2433 358 2503; x_wconf 79' lang='grc' dir='ltr'><strong><em>ἐστιν</em></strong></span> <span class='ocrx_word' id='word_1_131' title='bbox 381 2443 413 2502; x_wconf 91' lang='lat' dir='ltr'><strong>et</strong></span> <span class='ocrx_word' id='word_1_132' title='bbox 433 2435 516 2501; x_wconf 86' lang='lat' dir='ltr'><strong>alias</strong></span> <span class='ocrx_word' id='word_1_133' title='bbox 538 2434 736 2501; x_wconf 85' lang='lat' dir='ltr'><strong>vaticinandi</strong></span> <span class='ocrx_word' id='word_1_134' title='bbox 759 2433 912 2500; x_wconf 82' lang='lat' dir='ltr'><strong>formulas</strong></span> <span class='ocrx_word' id='word_1_135' title='bbox 933 2433 1122 2516; x_wconf 88' lang='lat' dir='ltr'><strong>saepissime</strong></span> <span class='ocrx_word' id='word_1_136' title='bbox 1136 2455 1157 2500; x_wconf 85' lang='lat' dir='ltr'><strong>a</strong></span> <span class='ocrx_word' id='word_1_137' title='bbox 1172 2435 1305 2504; x_wconf 78' lang='lat' dir='ltr'><strong>Graecis</strong></span> <span class='ocrx_word' id='word_1_138' title='bbox 1319 2457 1400 2504; x_wconf 86' lang='lat' dir='ltr'><strong>cum.</strong></span> 
     </span>
     <span class='ocr_line' id='line_1_21' title="bbox 264 2530 1390 2618; baseline 0.001 -19"><span class='ocrx_word' id='word_1_139' title='bbox 264 2533 375 2618; x_wconf 73' lang='lat' dir='ltr'><strong>copisti</strong></span> <span class='ocrx_word' id='word_1_140' title='bbox 407 2533 459 2600; x_wconf 87' lang='lat' dir='ltr'>vel</span> <span class='ocrx_word' id='word_1_141' title='bbox 497 2533 678 2617; x_wconf 81' lang='lat' dir='ltr'><strong>praesentis</strong></span> <span class='ocrx_word' id='word_1_142' title='bbox 710 2531 868 2597; x_wconf 88' lang='lat' dir='ltr'><strong>infinitivo</strong></span> <span class='ocrx_word' id='word_1_143' title='bbox 900 2530 1053 2615; x_wconf 82' lang='lat' dir='ltr'><strong>conjungi</strong></span> <span class='ocrx_word' id='word_1_144' title='bbox 1083 2533 1162 2599; x_wconf 85' lang='lat' dir='ltr'><strong>satis</strong></span> <span class='ocrx_word' id='word_1_145' title='bbox 1193 2541 1305 2601; x_wconf 90' lang='lat' dir='ltr'><strong>notum</strong></span> <span class='ocrx_word' id='word_1_146' title='bbox 1343 2542 1390 2602; x_wconf 91' lang='lat' dir='ltr'><strong>est</strong></span> 
     </span>
     <span class='ocr_line' id='line_1_22' title="bbox 267 2627 1436 2714; baseline 0.003 -18"><span class='ocrx_word' id='word_1_147' title='bbox 267 2627 320 2714; x_wconf 84' lang='lat' dir='ltr'><strong>(cf.</strong></span> <span class='ocrx_word' id='word_1_148' title='bbox 342 2630 435 2697; x_wconf 91' lang='lat' dir='ltr'><strong>Hom.</strong></span> <span class='ocrx_word' id='word_1_149' title='bbox 460 2629 479 2694; x_wconf 83' lang='lat' dir='ltr'>d</span> <span class='ocrx_word' id='word_1_150' title='bbox 502 2634 573 2699; x_wconf 84' lang='grc'><strong>561.</strong></span> <span class='ocrx_word' id='word_1_151' title='bbox 600 2656 618 2696; x_wconf 88' lang='grc' dir='ltr'><strong>κ</strong></span> <span class='ocrx_word' id='word_1_152' title='bbox 642 2628 730 2714; x_wconf 82' lang='grc'><strong>473).</strong></span> <span class='ocrx_word' id='word_1_153' title='bbox 773 2629 812 2694; x_wconf 94' lang='lat' dir='ltr'><strong>Id</strong></span> <span class='ocrx_word' id='word_1_154' title='bbox 839 2647 916 2694; x_wconf 85' lang='lat' dir='ltr'>veno</span> <span class='ocrx_word' id='word_1_155' title='bbox 943 2629 1143 2711; x_wconf 90' lang='lat' dir='ltr'><strong>potissimum</strong></span> <span class='ocrx_word' id='word_1_156' title='bbox 1172 2637 1315 2698; x_wconf 83' lang='lat' dir='ltr'><strong>nostram</strong></span> <span class='ocrx_word' id='word_1_157' title='bbox 1338 2653 1389 2699; x_wconf 86' lang='lat' dir='ltr'><strong>cx·</strong></span> <span class='ocrx_word' id='word_1_158' title='bbox 1434 2635 1436 2644; x_wconf 81' lang='grc'>’</span> 
     </span>
     <span class='ocr_line' id='line_1_23' title="bbox 265 2722 1390 2815; baseline 0.003 -22"><span class='ocrx_word' id='word_1_159' title='bbox 265 2727 473 2815; x_wconf 89' lang='lat' dir='ltr'><strong>plicationem</strong></span> <span class='ocrx_word' id='word_1_160' title='bbox 509 2725 727 2808; x_wconf 86' lang='lat' dir='ltr'><strong>commendat,</strong></span> <span class='ocrx_word' id='word_1_161' title='bbox 766 2725 851 2809; x_wconf 93' lang='lat' dir='ltr'><strong>quod</strong></span> <span class='ocrx_word' id='word_1_162' title='bbox 889 2722 972 2803; x_wconf 78' lang='grc' dir='ltr'><strong><em>ὥςτε</em></strong></span> <span class='ocrx_word' id='word_1_163' title='bbox 1008 2725 1136 2792; x_wconf 88' lang='lat' dir='ltr'><strong>additur</strong></span> <span class='ocrx_word' id='word_1_164' title='bbox 1164 2728 1322 2796; x_wconf 83' lang='lat' dir='ltr'><strong>infinitivo</strong></span> <span class='ocrx_word' id='word_1_165' title='bbox 1359 2737 1390 2796; x_wconf 91' lang='lat' dir='ltr'><strong>ct</strong></span> 
     </span>
     <span class='ocr_line' id='line_1_24' title="bbox 267 2823 1389 2912; baseline 0.002 -22"><span class='ocrx_word' id='word_1_166' title='bbox 267 2823 394 2892; x_wconf 80' lang='lat' dir='ltr'><strong>dativus</strong></span> <span class='ocrx_word' id='word_1_167' title='bbox 423 2843 494 2892; x_wconf 90' lang='lat' dir='ltr'><strong>cum</strong></span> <span class='ocrx_word' id='word_1_168' title='bbox 526 2826 624 2892; x_wconf 89' lang='lat' dir='ltr'>verbo</span> <span class='ocrx_word' id='word_1_169' title='bbox 652 2831 786 2908; x_wconf 85' lang='lat' dir='ltr'>regente</span> <span class='ocrx_word' id='word_1_170' title='bbox 814 2825 994 2908; x_wconf 83' lang='lat' dir='ltr'><strong>copulatur:</strong></span> <span class='ocrx_word' id='word_1_171' title='bbox 1031 2843 1107 2890; x_wconf 86' lang='lat' dir='ltr'><strong>nam</strong></span> <span class='ocrx_word' id='word_1_172' title='bbox 1135 2827 1163 2890; x_wconf 94' lang='lat' dir='ltr'><strong>si</strong></span> <span class='ocrx_word' id='word_1_173' title='bbox 1193 2825 1286 2912; x_wconf 78' lang='grc' dir='ltr'><strong><em>χρόα</em></strong></span> <span class='ocrx_word' id='word_1_174' title='bbox 1316 2846 1389 2894; x_wconf 90' lang='lat' dir='ltr'>vere</span> 
     </span>
    </p>
   </div>
   <div class='ocr_carea' id='block_1_7' title="bbox 149 2914 1387 3006">
    <p class='ocr_par' dir='ltr' id='par_1_7' title="bbox 149 2914 1387 3006">
     <span class='ocr_line' id='line_1_25' title="bbox 149 2914 1387 3006; baseline 0 -16"><span class='ocrx_word' id='word_1_175' title='bbox 149 2959 152 2966; x_wconf 20' lang='grc' dir='ltr'><strong><em>Δ</em></strong></span> <span class='ocrx_word' id='word_1_176' title='bbox 266 2929 351 2990; x_wconf 85' lang='lat' dir='ltr'>esset</span> <span class='ocrx_word' id='word_1_177' title='bbox 372 2924 506 2990; x_wconf 88' lang='lat' dir='ltr'><strong>verbum</strong></span> <span class='ocrx_word' id='word_1_178' title='bbox 536 2921 680 3004; x_wconf 85' lang='lat' dir='ltr'><strong>dicendi,</strong></span> <span class='ocrx_word' id='word_1_179' title='bbox 714 2921 800 3004; x_wconf 90' lang='lat' dir='ltr'><strong>quod</strong></span> <span class='ocrx_word' id='word_1_180' title='bbox 822 2921 994 2988; x_wconf 85' lang='lat' dir='ltr'><strong>Floeckius</strong></span> <span class='ocrx_word' id='word_1_181' title='bbox 1011 2914 1109 3005; x_wconf 65' lang='lat' dir='ltr'><strong>ipag.</strong></span> <span class='ocrx_word' id='word_1_182' title='bbox 1132 2925 1185 3000; x_wconf 77' lang='lat'><strong>30)</strong></span> <span class='ocrx_word' id='word_1_183' title='bbox 1214 2925 1387 3006; x_wconf 86' lang='lat' dir='ltr'><strong>contendit,</strong></span> 
     </span>
    </p>
   </div>
   <div class='ocr_carea' id='block_1_8' title="bbox 266 3017 1080 3100">
    <p class='ocr_par' dir='ltr' id='par_1_8' title="bbox 266 3017 1080 3100">
     <span class='ocr_line' id='line_1_26' title="bbox 266 3017 1080 3100; baseline -0.006 -12"><span class='ocrx_word' id='word_1_184' title='bbox 266 3022 482 3088; x_wconf 79' lang='lat' dir='ltr'><strong>accusativum</strong></span> <span class='ocrx_word' id='word_1_185' title='bbox 505 3039 576 3086; x_wconf 95' lang='lat' dir='ltr'><strong>cum</strong></span> <span class='ocrx_word' id='word_1_186' title='bbox 597 3019 754 3086; x_wconf 86' lang='lat' dir='ltr'><strong>infinitivo</strong></span> <span class='ocrx_word' id='word_1_187' title='bbox 777 3018 918 3100; x_wconf 86' lang='lat' dir='ltr'>recipere</span> <span class='ocrx_word' id='word_1_188' title='bbox 940 3017 1080 3086; x_wconf 87' lang='lat' dir='ltr'>deberet.</span> 
     </span>
    </p>
   </div>
   <div class='ocr_carea' id='block_1_9' title="bbox 297 3320 1360 3488">
    <p class='ocr_par' dir='ltr' id='par_1_9' title="bbox 297 3320 1360 3488">
     <span class='ocr_line' id='line_1_27' title="bbox 297 3320 1360 3488; baseline 0.004 -100"><span class='ocrx_word' id='word_1_189' title='bbox 297 3325 317 3404; x_wconf 61' lang='grc' dir='ltr'>ᾖ</span> <span class='ocrx_word' id='word_1_190' title='bbox 342 3331 369 3389; x_wconf 86' lang='grc'><strong>6.</strong></span> <span class='ocrx_word' id='word_1_191' title='bbox 414 3325 473 3392; x_wconf 84' lang='lat' dir='ltr'><strong>DE</strong></span> <span class='ocrx_word' id='word_1_192' title='bbox 496 3320 946 3488; x_wconf 41' lang='lat' dir='ltr'>AOOUSATIgngglggT</span> <span class='ocrx_word' id='word_1_193' title='bbox 954 3323 1031 3403; x_wconf 79' lang='lat' dir='ltr'><strong>QUI</strong></span> <span class='ocrx_word' id='word_1_194' title='bbox 1052 3323 1113 3390; x_wconf 83' lang='lat' dir='ltr'><strong>EX</strong></span> <span class='ocrx_word' id='word_1_195' title='bbox 1133 3322 1360 3392; x_wconf 81' lang='lat' dir='ltr'><strong>ANALOGIA</strong></span> 
     </span>
    </p>
   </div>
   <div class='ocr_carea' id='block_1_10' title="bbox 185 3567 1391 4050">
    <p class='ocr_par' dir='ltr' id='par_1_10' title="bbox 185 3567 1391 4050">
     <span class='ocr_line' id='line_1_28' title="bbox 354 3567 1391 3660; baseline 0.002 -22"><span class='ocrx_word' id='word_1_196' title='bbox 354 3567 529 3658; x_wconf 81' lang='lat' dir='ltr'><strong>Pergamus</strong></span> <span class='ocrx_word' id='word_1_197' title='bbox 539 3573 609 3656; x_wconf 86' lang='lat' dir='ltr'><strong>jam</strong></span> <span class='ocrx_word' id='word_1_198' title='bbox 624 3572 668 3638; x_wconf 89' lang='lat' dir='ltr'><strong>ad</strong></span> <span class='ocrx_word' id='word_1_199' title='bbox 683 3593 754 3640; x_wconf 87' lang='lat' dir='ltr'><strong>eam</strong></span> <span class='ocrx_word' id='word_1_200' title='bbox 769 3572 918 3640; x_wconf 87' lang='lat' dir='ltr'><strong>infinitivi</strong></span> <span class='ocrx_word' id='word_1_201' title='bbox 933 3580 1132 3657; x_wconf 77' lang='lat' dir='ltr'><strong>structuram,</strong></span> <span class='ocrx_word' id='word_1_202' title='bbox 1155 3575 1189 3641; x_wconf 93' lang='lat' dir='ltr'><strong>in</strong></span> <span class='ocrx_word' id='word_1_203' title='bbox 1204 3595 1268 3660; x_wconf 87' lang='lat' dir='ltr'><strong>qua</strong></span> <span class='ocrx_word' id='word_1_204' title='bbox 1282 3575 1391 3641; x_wconf 88' lang='lat' dir='ltr'><strong>nullus</strong></span> 
     </span>
     <span class='ocr_line' id='line_1_29' title="bbox 185 3670 1391 3756; baseline -0.001 -17"><span class='ocrx_word' id='word_1_205' title='bbox 185 3707 188 3714; x_wconf 88' lang='lat'><em>·</em></span> <span class='ocrx_word' id='word_1_206' title='bbox 269 3678 318 3739; x_wconf 88' lang='lat' dir='ltr'><strong>cst</strong></span> <span class='ocrx_word' id='word_1_207' title='bbox 339 3691 442 3738; x_wconf 88' lang='lat' dir='ltr'>nexus</span> <span class='ocrx_word' id='word_1_208' title='bbox 463 3671 547 3737; x_wconf 90' lang='lat' dir='ltr'>inter</span> <span class='ocrx_word' id='word_1_209' title='bbox 568 3670 701 3738; x_wconf 84' lang='lat' dir='ltr'><strong>verbum</strong></span> <span class='ocrx_word' id='word_1_210' title='bbox 723 3690 839 3754; x_wconf 85' lang='lat' dir='ltr'>regens</span> <span class='ocrx_word' id='word_1_211' title='bbox 861 3678 893 3738; x_wconf 89' lang='lat' dir='ltr'><strong>et</strong></span> <span class='ocrx_word' id='word_1_212' title='bbox 920 3671 1136 3740; x_wconf 78' lang='lat' dir='ltr'><strong>accusativum</strong></span> <span class='ocrx_word' id='word_1_213' title='bbox 1164 3672 1315 3756; x_wconf 84' lang='lat' dir='ltr'><strong>subjecti,</strong></span> <span class='ocrx_word' id='word_1_214' title='bbox 1345 3673 1391 3738; x_wconf 95' lang='lat' dir='ltr'><strong>in·</strong></span> 
     </span>
     <span class='ocr_line' id='line_1_30' title="bbox 268 3767 1390 3856; baseline 0 -22"><span class='ocrx_word' id='word_1_215' title='bbox 268 3767 408 3834; x_wconf 87' lang='lat' dir='ltr'><strong>finitivus</strong></span> <span class='ocrx_word' id='word_1_216' title='bbox 431 3774 537 3834; x_wconf 89' lang='lat' dir='ltr'><strong>autem</strong></span> <span class='ocrx_word' id='word_1_217' title='bbox 560 3769 679 3835; x_wconf 89' lang='lat' dir='ltr'><strong>certum</strong></span> <span class='ocrx_word' id='word_1_218' title='bbox 702 3775 828 3853; x_wconf 87' lang='lat' dir='ltr'><strong>tempus</strong></span> <span class='ocrx_word' id='word_1_219' title='bbox 850 3788 914 3834; x_wconf 92' lang='lat' dir='ltr'><strong>non</strong></span> <span class='ocrx_word' id='word_1_220' title='bbox 936 3769 1068 3846; x_wconf 85' lang='lat' dir='ltr'><strong>indicat,</strong></span> <span class='ocrx_word' id='word_1_221' title='bbox 1090 3769 1137 3834; x_wconf 85' lang='lat' dir='ltr'><strong>ita</strong></span> <span class='ocrx_word' id='word_1_222' title='bbox 1158 3776 1193 3834; x_wconf 88' lang='lat' dir='ltr'><strong>ut</strong></span> <span class='ocrx_word' id='word_1_223' title='bbox 1215 3768 1390 3856; x_wconf 87' lang='lat' dir='ltr'><strong>perindca</strong></span> 
     </span>
     <span class='ocr_line' id='line_1_31' title="bbox 206 3863 1388 3949; baseline -0.001 -18"><span class='ocrx_word' id='word_1_224' title='bbox 206 3895 208 3901; x_wconf 53' lang='lat'><em>2</em></span> <span class='ocrx_word' id='word_1_225' title='bbox 268 3865 407 3948; x_wconf 83' lang='lat' dir='ltr'><strong>simplici</strong></span> <span class='ocrx_word' id='word_1_226' title='bbox 421 3863 577 3932; x_wconf 86' lang='lat' dir='ltr'><strong>infinitivo</strong></span> <span class='ocrx_word' id='word_1_227' title='bbox 592 3873 689 3948; x_wconf 86' lang='lat' dir='ltr'><strong>atque</strong></span> <span class='ocrx_word' id='word_1_228' title='bbox 703 3887 723 3930; x_wconf 88' lang='lat' dir='ltr'><strong>a</strong></span> <span class='ocrx_word' id='word_1_229' title='bbox 738 3865 878 3949; x_wconf 83' lang='lat' dir='ltr'>genuino</span> <span class='ocrx_word' id='word_1_230' title='bbox 893 3867 1074 3932; x_wconf 86' lang='lat' dir='ltr'><strong>accusativo</strong></span> <span class='ocrx_word' id='word_1_231' title='bbox 1089 3887 1161 3932; x_wconf 90' lang='lat' dir='ltr'><strong>cum</strong></span> <span class='ocrx_word' id='word_1_232' title='bbox 1176 3867 1232 3932; x_wconf 85' lang='lat' dir='ltr'><strong>ini.</strong></span> <span class='ocrx_word' id='word_1_233' title='bbox 1249 3866 1388 3932; x_wconf 83' lang='lat' dir='ltr'><strong>differat:</strong></span> 
     </span>
     <span class='ocr_line' id='line_1_32' title="bbox 270 3957 1386 4050; baseline 0.001 -24"><span class='ocrx_word' id='word_1_234' title='bbox 270 3961 309 4044; x_wconf 84' lang='lat' dir='ltr'><strong>V,</strong></span> <span class='ocrx_word' id='word_1_235' title='bbox 332 3963 373 4027; x_wconf 84' lang='lat'><strong>90</strong></span> <span class='ocrx_word' id='word_1_236' title='bbox 399 3960 564 4048; x_wconf 83' lang='grc' dir='ltr'><strong><em>χρήσιμον</em></strong></span> <span class='ocrx_word' id='word_1_237' title='bbox 592 3962 637 4050; x_wconf 82' lang='grc' dir='ltr'><strong>μὴ</strong></span> <span class='ocrx_word' id='word_1_238' title='bbox 668 3960 843 4029; x_wconf 80' lang='grc' dir='ltr'><strong><em>καταλύειν</em></strong></span> <span class='ocrx_word' id='word_1_239' title='bbox 865 3957 952 4044; x_wconf 72' lang='grc' dir='ltr'><em>ὑμᾶς</em></span> <span class='ocrx_word' id='word_1_240' title='bbox 973 3998 1015 4008; x_wconf 93' lang='grc'>-</span> <span class='ocrx_word' id='word_1_241' title='bbox 1038 3957 1187 4030; x_wconf 78' lang='grc' dir='ltr'><strong><em>εἶναιτὰ</em></strong></span> <span class='ocrx_word' id='word_1_242' title='bbox 1211 3961 1326 4030; x_wconf 83' lang='grc' dir='ltr'><strong><em>εἰκότα</em></strong></span> <span class='ocrx_word' id='word_1_243' title='bbox 1347 3996 1386 4008; x_wconf 91' lang='grc'>-</span> 
     </span>
    </p>
   </div>
   <div class='ocr_carea' id='block_1_11' title="bbox 0 0 1521 4866">
    <p class='ocr_par' dir='ltr' id='par_1_11' title="bbox 0 0 1521 4866">
     <span class='ocr_line' id='line_1_33' title="bbox 0 0 1521 4866; baseline 0 0"><span class='ocrx_word' id='word_1_244' title='bbox 0 0 1521 4866; x_wconf 95' lang='lat' dir='ltr'><strong> </strong></span> 
     </span>
    </p>
   </div>
  </div>
 </body>
</html>
