2972 4868
280 417 341 482 320
769 417 911 476 Fritnsche

279 593 455 678 duplicatio
478 591 687 658 similitudine
709 599 798 658 caret
818 592 852 658 in
879 593 1030 660 universa
1058 593 1170 678 lingua
1190 615 1319 679 graeca,
1355 605 1403 666 est

277 689 423 776 ejusdcm
445 688 572 768 radicis,
595 687 634 754 ei.
658 693 795 772 κρί-νωι
817 688 979 754 cri-hrum.

365 791 717 884 κσ·σκσλ-μᾶτια·
739 801 780 865 τὰ
806 808 872 868 τῶν
894 808 1028 888 βυρσῶν
1048 805 1301 889 περικομμάτια
1314 810 1402 892 Hes,

276 901 316 968 cf.
341 901 570 988 quicquit-iac,
608 901 647 966 R.
671 897 755 966 σκαλ
782 898 940 980 (σκάλλω,
970 891 1149 983 causatu),
1187 905 1276 989 enjus
1305 909 1401 974 etium
1477 891 1478 964 J

278 993 649 1078 κα-σκαλ-λζεται·
671 996 906 1081 γαγγαλίζειοι
928 999 1004 1066 Hes.
1342 1079 1344 1084 Ι

363 1094 630 1182 πα-σπάλ-η,
652 1095 769 1178 pulvis,
792 1097 830 1162 R.
854 1097 955 1162 σπσλ.
993 1096 1039 1162 Of.
1061 1096 1218 1186 παιπάλη
1237 1121 1274 1184 p.
1298 1085 1390 1168 308(

364 1213 619 1298 φέ-ψαλ-ος.
647 1245 690 1258 -
719 1209 798 1276 Oum
820 1211 1001 1297 Hesychius
1023 1213 1177 1296 praebeat
1198 1212 1324 1296 ψιλός·
1350 1214 1403 1280 αἰ·
1477 1213 1478 1216 ’

277 1307 396 1386 θολός,
420 1309 575 1396 φέψιλος
598 1307 756 1394 φέψαλος
779 1305 959 1394 φεψάλογξ
979 1319 1086 1376 autem
1106 1311 1239 1377 valeant
1260 1313 1295 1377 id
1318 1313 1402 1395 quud

279 1405 447 1491 σπινθήρ,
484 1407 573 1474 haud
609 1406 764 1473 absonum
801 1405 928 1474 videtur
964 1407 1215 1492 duplicationem
1252 1417 1400 1476 statuere.
1477 1403 1478 1418 ¹

276 1505 383 1572 Radix
398 1511 506 1572 autem
521 1505 656 1570 fortasse
672 1511 720 1570 est
736 1505 825 1584 usai,
848 1504 888 1568 ci.
903 1505 1013 1571 scand.
1025 1507 1145 1570 ccccl-u
1158 1507 1273 1588 fumus,
1289 1509 1398 1591 pal-g.
1477 1585 1478 1598 ¹

148 1624 161 1648 .
276 1605 398 1665 suiliza
425 1604 528 1683 calor,
558 1623 626 1686 aga.
650 1601 820 1664 ti-svaelau
849 1622 941 1668 urere
969 1603 1034 1681 (El
1056 1605 1148 1685 920),
1177 1605 1265 1672 unde
1293 1603 1400 1690 ψόλος
1477 1619 1478 1630 ’

277 1701 392 1766 fumus.
422 1701 543 1766 Eursl
559 1701 644 1766 enim
660 1699 779 1783 prodiit
795 1699 881 1786 σψελ
897 1701 948 1775 (cf.
962 1723 1017 1763 ιασ
1032 1733 1073 1754 ·=
1089 1708 1179 1789 σφι),
1203 1701 1280 1770 inde
1295 1711 1399 1770 autem
1477 1711 1478 1792 ζ

277 1797 345 1882 ψελ
369 1804 477 1882 (ψέων
500 1803 562 1880 ψίν
587 1803 634 1880 ψέ
654 1799 732 1864 Ahr.
755 1797 822 1862 dor.
847 1801 906 1862 261
929 1819 951 1863 a
971 1799 1071 1881 stirpe
1092 1804 1182 1884 σφε).
1212 1802 1399 1886 φέ-ψελ-ος

278 1899 374 1980 igitur
396 1897 678 1982 οσφε-σφιλ-ος,
701 1897 723 1960 i.
742 1915 769 1962 c.
794 1896 1010 1972 css-ursl-cg
1032 1901 1136 1961 ortum
1159 1905 1217 1963 est.
1257 1897 1315 1963 (ini
1336 1921 1397 1964 nou
1477 1935 1478 1950 .

278 1995 384 2060 obstat
405 1985 489 2078 qu'cd
512 1989 622 2074 ψὸλος
643 1993 763 2058 fumum
786 1994 889 2058 solum
904 1993 1072 2077 siguificat,
1095 2015 1171 2060 nam
1193 1995 1312 2062 radicis
1331 1997 1399 2060 scat

276 2111 342 2158 uon
372 2111 499 2176 semper
528 2111 567 2156 ea
597 2090 646 2156 vis
674 2092 733 2156 fuit
761 2109 844 2173 quae
871 2092 1036 2157 vernaculi
1062 2091 1214 2156 cclwclcn
1244 2093 1397 2174 (actuum

276 2189 315 2254 cf.
352 2209 420 2271 aga.
456 2191 578 2270 plectum
615 2189 777 2251 bemuclcd
810 2188 932 2268 „durch
969 2189 1022 2255 die
1049 2189 1193 2255 Gluthen
1229 2191 1398 2274 verseugt“

276 2285 384 2352 Beow.
416 2291 498 2352 3042
533 2285 659 2370 (Heyne
688 2287 842 2365 Beowulf‚
874 2286 991 2358 Gloss.)
1028 2293 1060 2352 et
1088 2292 1151 2373 νῆα
1179 2287 1272 2375 θοὴν
1300 2287 1395 2372 ἔβαλε

276 2382 439 2466 ψολόεντι
461 2391 612 2471 κεραυνῷ
627 2397 657 2469 ψ
673 2389 745 2462 330,
768 2381 927 2469 τριήρους
950 2380 987 2448 οὐ
1011 2385 1265 2472 ψεψολωμένης
1279 2387 1395 2452 Palem.

276 2505 321 2548 or.
343 2483 409 2546 lun.
435 2487 519 2564 lea,
543 2480 759 2570 ἐφεψαλώθη
783 2478 1039 2568 κάξεβροντήθη
1063 2486 1190 2558 σθένος
1219 2483 1396 2568 (uyphonis

274 2579 409 2644 fulmine
430 2578 497 2654 icti)
519 2580 635 2646 Aesch.
657 2579 760 2644 Prom'.
785 2583 857 2645 362.

704 2917 706 2922 .
820 2832 854 2898 Ο·
1367 2875 1373 2886 '

360 2987 398 3052 In
422 2987 468 3052 eis
490 2985 532 3050 ad
556 3005 638 3069 quae
659 3006 744 3051 nunc
766 2965 947 3052 accedimus
964 2985 1190 3070 duplicationis
1212 2987 1393 3051 imminutae

273 3075 441 3150 vocabulis
464 3105 503 3150 ea
525 3104 650 3166 quoque
676 3103 913 3167 enumeramus,
945 3082 985 3148 de
1014 3103 1146 3166 quorum
1168 3083 1392 3168 duplicatione,
1454 3113 1478 3166 ι,

242 3214 247 3220 ⁴
272 3185 359 3270 sitne
381 3183 549 3247 imminuta
571 3202 614 3246 an
636 3181 772 3264 integra,
796 3189 936 3246 statuere
957 3181 1168 3276 nequivimus.

266 3319 268 3322 ·
360 3290 631 3376 βα-βάκινος.
668 3327 711 3338 -
746 3288 886 3374 βάκινος
909 3285 929 3378 ἢ
952 3289 1203 3374 βαβάκινος·
1227 3286 1318 3367 εἶδος
1336 3286 1390 3370 χύ
1477 3299 1478 3370 ᾗ

273 3415 355 3474 apag
376 3392 491 3456 Zonar.
615 3449 616 3454 ,
1477 3403 1478 3428 ¹

227 3501 229 3506 ’
359 3501 596 3588 βα-βράζω,
634 3503 785 3584 stridere,
818 3511 866 3570 est
894 3503 964 3586 ejus
992 3503 1109 3570 radicis
1130 3503 1223 3586 cujus
1243 3500 1388 3586 μέμβροξ

273 3624 306 3687 p.
324 3607 395 3676 316,
431 3601 476 3668 uf.
492 3599 703 3686 βεβράξανιο
725 3601 818 3666 intra.
841 3637 881 3646 -
905 3602 970 3666 Scr.
994 3601 1112 3684 buram,
1136 3621 1232 3684 quam
1254 3600 1383 3666 radicem

274 3699 348 3764 huic
370 3700 440 3764 voci
462 3700 573 3764 tribuit
594 3699 685 3767 Benl.
707 3698 757 3762 W.
780 3698 821 3780 Il,
843 3702 912 3780 113,
936 3699 969 3764 in
991 3699 1102 3782 lingua
1123 3718 1240 3781 graeca
1261 3699 1382 3763 immam

278 3819 343 3882 (er
366 3797 508 3880 praebet,
532 3797 570 3863 ui.
593 3793 839 3882 πεμ-φρη-ὃολν
862 3817 893 3880 p.
910 3799 983 3861 316.
1004 3831 1046 3842 -
1068 3793 1191 3879 βράζω.

275 3961 278 3968 .
359 3907 561 3996 ,λα-βοήν·
598 3906 786 3988 ὑπόστασις
822 3909 936 3978 ἐλαίου
970 3907 1054 3974 κατὰ
1083 3907 1286 3986 Μακεδόνας
1311 3903 1379 3970 Hes.

266 4007 305 4098 li·
328 4027 358 4089 u·
380 4003 581 4092 sansacu
