2958 4868
283 399 344 462 112
819 407 930 466 Fritsch

280 581 364 660 θονς
387 579 421 644 in
443 553 520 658 τῖθς
541 580 637 664 igitur
658 581 814 664 synizesis
828 580 915 648 facta
930 588 980 649 cst
999 581 1139 660 osvoonli
1154 603 1219 648 non
1241 581 1398 666 producta

278 675 388 743 sicin
417 676 566 744 omnibns
598 678 649 743 his
677 677 920 760 pronominibus
950 704 966 760 a
993 679 1131 764 synizesi
1160 699 1232 745 omn
1260 681 1398 763 sequenti

279 775 385 842 vocali
407 775 620 859 conjungitur.
652 774 743 841 Idem
764 776 883 842 factum
898 796 971 844 esse
987 777 1135 844 videmus
1157 777 1190 842 in
1212 777 1399 861 pronomini·

279 871 340 938 bus
361 872 522 940 reflexivis
545 872 691 955 ἐμαυτοῦ
698 921 707 955 ,
738 881 878 954 σαυτοῦ,
908 872 1027 955 αὑτοῦ,
1056 894 1139 957 quac
1167 895 1208 941 cx
1230 873 1397 957 ἐμθαυτοῠ,

281 967 360 1052 (ion.
383 969 578 1056 ἐμεωυτοῦ),
603 977 755 1048 σεαυτοῦ,
778 970 900 1037 ἑαυτοῦ
922 979 993 1039 orta
1020 980 1105 1040 suni.
1141 973 1210 1038 Ion.
1233 972 1397 1055 ἐμεωυτοῦ

279 1073 387 1135 antem
409 1071 628 1136 contractione
650 1067 790 1151 quadam
819 1089 860 1136 ex
882 1068 1092 1153 *ἐμεοαυτοῦ
1121 1070 1304 1138 derivatum
1338 1089 1399 1148 erse

278 1185 345 1231 non
366 1175 482 1250 potest,
504 1174 539 1232 ut
561 1168 725 1250 Brugman
747 1167 850 1244 (Stud.
873 1168 929 1246 IV,
955 1171 1027 1248 133)
1050 1169 1244 1252 suspicatur,
1275 1189 1352 1234 narn
1370 1169 1399 1234 in

277 1266 466 1348 compositis
494 1290 511 1330 o
540 1263 645 1330 finalis
673 1263 788 1348 prioris
816 1266 904 1332 vocis
932 1273 1008 1332 ante
1037 1285 1150 1333 vocem
1177 1287 1198 1332 a
1227 1267 1334 1332 vocali
1361 1267 1399 1331 in·

279 1361 451 1446 cipientem
474 1383 601 1447 semper
622 1361 752 1429 eliditur
775 1359 828 1445 (of.
852 1369 869 1440 e
913 1362 937 1448 ).

366 1462 416 1526 De
437 1461 510 1528 aliis
532 1459 773 1566 pronominibus
795 1462 950 1545 correptis
972 1481 1003 1528 v.
1026 1468 1044 1538 ς
1071 1467 1108 1526 11
1132 1469 1165 1530 θῖ
1189 1465 1237 1528 12.

280 1720 298 1792 ξ
316 1717 344 1779 8.
372 1715 431 1780 DE
447 1715 723 1782 HYPHAERESI
746 1715 884 1784 INITIO
908 1714 1231 1784 VOCABULORUM
1253 1717 1398 1783 FACTA.

365 1851 542 1918 Elisionem
566 1854 719 1919 svooalis
741 1853 775 1918 in
804 1855 993 1938 pronomine
1016 1852 1089 1930 ἑός,
1119 1852 1154 1920 ἑέ
1177 1851 1398 1937 hyphaeresin‚

279 1969 345 2014 non
367 1950 560 2033 aphaeresin
582 1952 748 2036 appellavi
771 1959 802 2018 θῖ
824 1951 859 2016 id
881 1952 1010 2035 quidem
1034 1952 1125 2034 jure;
1155 1970 1230 2016 nam
1255 1951 1337 2016 nihil
1359 1970 1400 2016 re-

279 2045 341 2111 fert
362 2052 465 2111 utrum
481 2067 588 2130 sonus,
611 2069 710 2134 aquo
733 2071 797 2116 vox
818 2050 940 2134 incipit,
964 2049 1103 2133 spiritus,
1126 2049 1195 2115 sive
1217 2068 1314 2132 asper
1336 2049 1397 2114 siro
1465 2067 1466 2072 ¹

279 2145 378 2221 lonis,
402 2145 459 2228 sit,
482 2167 525 2211 an
548 2146 615 2212 alia
637 2149 800 2230 quaelibet
821 2167 973 2212 consona.
1017 2146 1164 2213 Eandem
1187 2147 1398 2230 hyphaercsin

278 2244 455 2325 reperimus
476 2243 510 2308 in
532 2247 644 2330 paucis
665 2246 738 2311 aliis
753 2245 903 2311 vocibus:
919 2241 1007 2321 Ἕεις
1024 2245 1108 2310 enim
1122 2265 1180 2328 pro
1197 2239 1247 2320 εἷς
1269 2245 1396 2328 legimus

279 2340 313 2404 in
329 2339 404 2406 Hes.
420 2342 466 2406 th.
486 2346 563 2426 1453
587 2344 693 2409 sedin
710 2343 841 2408 dubium
864 2349 1005 2425 vocatur,
1029 2363 1105 2407 num
1121 2342 1182 2408 hac
1196 2361 1277 2408 voce
1298 2343 1395 2425 prisca

278 2437 382 2503 iorma
403 2447 530 2506 servata
553 2441 609 2507 sit:
632 2443 739 2525 potins
755 2461 827 2505 oum
843 2441 1005 2506 veteribus
1021 2440 1237 2522 grammaticis
1261 2439 1311 2516 (of.
1328 2439 1393 2504 Her.

280 2537 331 2602 cd.
362 2537 399 2602 L.
429 2537 461 2619 1,
486 2542 558 2616 373,
583 2543 629 2617 7).
648 2541 871 2623 pleonasmum
900 2561 915 2602 ε
945 2537 1067 2602 vocalis
1100 2537 1305 2603 statuendum
1334 2555 1395 2604 esse

280 2643 390 2700 censet
411 2635 478 2700 Leo
500 2637 610 2720 Meyer
640 2634 653 2721 (
656 2637 695 2702 K.
720 2639 753 2702 Z.
777 2635 855 2702 VIII
862 2684 871 2718 ‚
898 2633 983 2720 129).
1033 2635 1123 2713 Quae
1146 2635 1318 2717 explicatio
1339 2654 1395 2699 non

280 2739 449 2797 excusatur
470 2733 531 2799 nisi
554 2753 592 2799 eo
615 2734 700 2816 quod
723 2735 788 2799 alio
810 2731 906 2799 modo
929 2731 998 2810 ἕεις
1021 2733 1175 2818 explicari
1198 2753 1265 2798 non
1290 2736 1395 2816 potest.

279 2827 430 2912 Suspicor
458 2830 555 2912 igitur
583 2828 651 2908 ἕεις
680 2852 737 2915 pro
765 2831 872 2916 prisca
899 2830 1002 2895 forma
1030 2830 1216 2897 habendum
1245 2850 1334 2905 esse,
1361 2847 1395 2893 cr

279 2946 344 3009 qua
364 2928 449 2994 aliae
471 2919 593 2994 formae
616 2925 676 3006 εἷς,
700 2926 776 3005 ἑνός
791 2936 850 2995 cet.
871 2936 960 2995 ortae
975 2937 1059 2994 sunt.
1097 2930 1134 2993 In
1157 2927 1305 2994 omnibus
1320 2926 1394 2992 enirn

277 3025 397 3107 linguis
418 3025 690 3108 indogermaniois
710 3045 830 3093 nomen
852 3028 1018 3093 numerale
1044 3031 1167 3105 ‚‚unus“
1197 3045 1269 3090 oum
1297 3025 1393 3104 aliquo

278 3121 392 3190 suffixo
415 3123 584 3188 formatum
607 3130 655 3188 θεῖ
686 3124 737 3198 (cf.
760 3125 827 3189 Leo
849 3125 968 3209 Meyer.
992 3125 1033 3189 Κ.
1056 3125 1090 3189 Ζ.
1114 3124 1152 3206 V,
1178 3121 1252 3206 161)
1280 3129 1313 3187 nt
1338 3120 1393 3186 skt.

280 3218 365 3301 c-lro,
397 3219 446 3285 nd.
470 3225 573 3299 oeno,
603 3222 658 3286 lat.
682 3223 798 3285 oica-r
823 3230 894 3304 θεῖ,
928 3223 974 3288 sio
1002 3221 1099 3286 etiam
1128 3239 1279 3302 graecum
1308 3213 1393 3300 ,,εῖς“
1463 3245 1464 3298 p

279 3319 332 3384 vel
355 3317 468 3400 „cerff
491 3339 557 3383 non
580 3319 649 3386 sine
664 3319 777 3385 suffixo
793 3340 834 3386 cx
856 3325 983 3396 *com-r,
1006 3319 1064 3385 sed
1081 3338 1152 3383 cum
1168 3318 1277 3400 aliquo
1293 3313 1392 3382 suffixo
1463 3315 1464 3334 ¹

280 3434 320 3482 ex
347 3437 383 3478 so
410 3416 578 3482 formatum
608 3436 679 3482 esse
708 3417 903 3484 censendum
937 3423 994 3484 θεῖ.
1038 3416 1172 3482 Videtur
1201 3422 1307 3480 autern
1333 3410 1390 3484 ἕεις

280 3520 382 3579 ortum
405 3533 476 3580 esse
499 3535 539 3582 ex
562 3520 736 3598 *oo-oona,
761 3535 802 3581 cx
824 3535 886 3598 quo
909 3514 1026 3580 factum
1050 3520 1098 3580 θεῖ
1121 3513 1234 3590 *isam
1259 3511 1338 3588 ἕεις;
1363 3507 1390 3570 in

280 3608 346 3690 εἷς,
370 3609 462 3688 ἑνός,
486 3610 537 3677 ἑνί
559 3636 574 3676 ε
597 3613 719 3678 vocalis
742 3613 822 3678 elisa
844 3620 894 3678 θεῖ
915 3619 949 3678 ut
970 3613 1004 3676 in
1028 3607 1065 3688 ὅς
1094 3613 1146 3677 vel
1168 3612 1202 3677 in
1226 3603 1274 3690 οὗ,
1303 3606 1347 3685 οἱ,
1367 3601 1389 3668 ἕ.

279 3709 429 3774 Fortasse
452 3709 547 3774 etiam
570 3709 604 3773 in
627 3710 751 3775 aeolica
770 3710 872 3775 forma
893 3708 956 3788 ἰὀς,
983 3705 1019 3772 ἰἀ
1051 3706 1231 3793 (accentum
1253 3706 1388 3774 traditum
1462 3779 1463 3804 χ

281 3804 322 3892 ἰῷ
344 3826 409 3871 non
432 3804 520 3890 curo)
544 3831 560 3872 ε
576 3807 657 3872 elisa
671 3813 730 3872 θεῖ.
768 3807 812 3874 Ut
834 3808 920 3874 enim
935 3811 1014 3890 μ-ία
1030 3827 1071 3874 ex
1087 3805 1207 3888 *ἐμ-ια
1223 3807 1274 3872 vel
1289 3799 1387 3867 *rm-ic

279 3923 336 3988 pro
353 3905 489 3966 *som-ic
505 3904 704 3986 (oi.„Grdz.“
715 3909 727 3949 ³
738 3908 812 3981 365)
829 3905 1008 3971 derivatum
1020 3912 1077 3986 est,
1094 3904 1140 3969 sic
1154 3902 1208 3981 ἰὀς
1219 3923 1259 3970 ex
1273 3899 1387 3970 *iao-o

279 4021 337 4086 pro
360 4002 495 4064 *so-ico
517 4009 618 4068 ortum
642 4021 714 4069 θεεθ
735 4003 871 4087 videtur,
902 4002 1015 4087 spiritu
1036 4021 1151 4086 aspero
1173 4001 1293 4068 aeolico
1313 4008 1386 4062 more
