2972 4868
269 406 331 468 304
757 409 900 466 Fritneclre

269 581 320 646 Ill.
343 583 416 662 732,
445 573 533 663 quod
554 580 693 648 Cobotes
714 583 852 648 correxit
873 582 1031 665 probante
1053 581 1218 650 Dindorfio
1241 582 1283 648 ed
1303 584 1335 664 l.,
1357 589 1387 649 et

269 675 474 758 κωχεύοοοιν
504 677 603 761 Soph.
627 677 664 742 tr.
687 681 749 744 303
782 676 851 762 (ubi
873 699 904 743 ν.
927 677 1057 764 nine.),
1093 688 1202 746 mmen
1233 687 1386 746 constaret

269 774 428 856 κωχεύειν
458 795 498 842 ex
528 770 707 856 ὀκωχεύειν
736 777 850 842 eodem
878 777 974 842 modo
996 785 1106 844 natum
1128 797 1200 844 esse
1222 797 1261 842 ac
1281 781 1386 854 πίννας
1471 798 1472 822 ¹

269 894 309 940 ex
333 868 465 962 ὀντίπας
488 870 531 956 (5.
554 871 598 958 4).
634 907 676 916 -
714 872 861 938 Eandem
882 875 1027 942 vocalem
1050 874 1240 959 productam
1261 875 1387 958 praebet

270 967 474 1052 συνωχαδόν.
915 986 921 998 ‘

355 1064 570 1153 ὀνο-ωπ-ή,
607 1087 626 1133 e
654 1067 746 1151 cujus
773 1068 873 1151 stirpe
901 1064 1060 1132 ὀνο-οπο
1091 1068 1211 1153 prodiit
1233 1064 1386 1144 ὀπωπέο,

270 1173 319 1232 est
339 1165 458 1230 radicis
472 1153 537 1243 ὄπ,
562 1160 700 1230 ὄπωπα.
775 1247 777 1251 Ι

198 1349 202 1356 ι
355 1260 643 1346 ὀπ-ωφ-ᾶται·
679 1267 871 1348 acuamur,
899 1260 989 1328 οἰδεῖ
1014 1264 1091 1330 Hes.
1113 1265 1218 1330 hucne
1246 1263 1388 1348 pertinet,

269 1383 312 1426 an
335 1368 517 1443 corruptum
545 1369 610 1439 est,
639 1380 681 1425 an
709 1381 806 1444 supra
834 1360 1031 1426 afferendum
1053 1363 1137 1428 tuit?
1180 1365 1282 1429 Extat
1309 1363 1387 1428 enim

269 1461 306 1528 R.
331 1458 419 1522 ambli
451 1455 562 1542 (nobb,
594 1457 629 1523 O.
658 1458 714 1522 ΝΥ.
738 1458 832 1542 403),
870 1458 962 1540 eujus
987 1466 1036 1525 eet
1064 1456 1257 1546 ὀμφ-αλό
1266 1483 1300 1540 ς,
1335 1461 1387 1523 lat

269 1556 454 1620 amb-ilices.
499 1556 649 1620 Potuitne
676 1554 754 1620 inde
782 1556 856 1621 oriri
886 1552 941 1641 ὠφ
967 1556 1176 1638 productione
1197 1557 1389 1642 suppletolia
1473 1614 1474 1638 p

271 1652 449 1740 (βωβύζειν
465 1685 507 1704 ==
521 1651 702 1735 βομβύζειν
718 1651 827 1738 Hes),
843 1653 929 1718 uude
944 1667 1061 1718 nomen
1084 1656 1283 1739 duplicatum
1305 1651 1387 1718 *ὀνο-

271 1750 366 1839 ωφ-ή
388 1785 430 1804 ==
452 1750 554 1814 umbe
583 1771 645 1834 quo
673 1751 757 1816 redit
780 1748 1041 1836 ὀνο-ωφ-ά-ομοι
1069 1744 1256 1838 praebens?
1290 1752 1385 1830 Quam

270 1850 401 1916 difficile
427 1851 469 1916 sit
495 1850 692 1936 respondere
721 1869 814 1916 nemo
843 1849 946 1914 nescit
974 1850 1029 1932 qui
1056 1851 1091 1916 in
1117 1850 1266 1918 sordibus
1293 1850 1388 1933 Hesy-

271 1949 395 2014 ohianis
417 1968 557 2032 unquam
579 1955 726 2014 versatus
748 1955 807 2014 est.

356 2047 445 2112 Haec
473 2047 544 2112 sola
571 2045 718 2110 novimus
751 2045 847 2127 hujus
875 2044 1102 2128 duplicationis
1129 2046 1239 2110 verba.
1283 2047 1388 2111 Restat

270 2150 378 2208 autem
393 2143 478 2226 quod
493 2144 666 2209 afferamus
687 2147 877 2228 μέρ-μηρ-ο
900 2139 945 2225 (r.
959 2146 1144 2226 μέρ-μερ-ιν
1158 2141 1282 2228 supra),
1304 2141 1388 2224 cujus
1474 2149 1475 2220 l

270 2241 374 2306 altera
405 2241 534 2324 syllaba
561 2241 699 2306 similem
731 2239 974 2322 productionem
1006 2241 1157 2322 praebet:
1192 2259 1259 2305 non
1287 2243 1386 2304 autem

270 2335 476 2424 ἀνάροηρος,
514 2339 600 2422 quod
628 2338 709 2404 falso
735 2339 961 2420 interpretatus
990 2344 1039 2404 est
1060 2337 1214 2420 Benlcjus
1247 2334 1292 2421 (v.
1314 2359 1385 2418 τοο

270 2434 417 2516 ταρίζειν
446 2437 570 2520 supra).
607 2471 649 2480 —
686 2433 817 2520 ἰτητέον
854 2433 939 2518 quod
975 2441 1050 2500 sunt
1077 2435 1131 2517 qui
1157 2436 1193 2500 in
1222 2433 1385 2518 duplicatis

270 2534 414 2600 habeant
442 2530 545 2616 (Gerl.
571 2530 645 2613 181)
674 2542 760 2598 recte
787 2533 989 2616 interpretati
1018 2538 1093 2598 sunt
1114 2533 1193 2598 Lob.
1216 2534 1299 2617 prol.
1323 2533 1384 2611 146,

269 2631 367 2698 Fick²
389 2634 460 2694 430.

816 2867 851 2932 G.

357 3021 501 3088 Graecae
529 3019 659 3102 linguae
686 3020 818 3102 propria
847 3026 896 3086 est
923 3019 989 3084 alia
1011 3019 1169 3103 quaedam
1192 3019 1275 3084 ratic
1296 3017 1386 3084 verba

271 3119 434 3201 duplicata
455 3117 611 3198 augendi:
644 3141 656 3180 ι
678 3117 801 3182 vocalis
822 3123 895 3202 post
916 3117 1089 3200 genuinam
1111 3117 1230 3182 radicis
1252 3117 1384 3182 vocalem

271 3222 399 3300 praeter
421 3213 471 3297 12⁸)
501 3216 534 3280 in
563 3215 669 3297 priore
691 3215 820 3298 syllaba
840 3216 962 3282 inserta
978 3206 1065 3288 'idat
1089 3212 1298 3292 ὄαί-ὁαλ-ος.
1326 3235 1383 3276 nro

271 3310 486 3387 ποι-πνύ-ω).
527 3311 620 3390 Quod
642 3321 849 3394 augmentum
870 3329 1000 3396 prorsus
1023 3317 1072 3377 est
1094 3311 1268 3394 singulare,
1290 3325 1384 3391 neque

270 3412 397 3475 fuerunt
418 3409 524 3476 adbuc
546 3411 599 3492 qui
621 3409 777 3476 rationem
799 3411 869 3492 ejus
891 3409 1029 3474 assecuti
1052 3409 1126 3474 sint.
1154 3463 1156 3468 ,

357 3506 446 3572 Nihil
470 3507 555 3572 enim
578 3507 728 3590 probavit
745 3509 940 3589 Savelsbeug
962 3507 1029 3571 KZ.
1046 3510 1096 3586 21,
1114 3509 1175 3570 200
1199 3505 1241 3572 de
1256 3526 1293 3571 eo
1308 3499 1382 3587 quod

272 3605 382 3674 statuit
400 3629 417 3671 u
439 3603 626 3672 intensivo.'
655 3603 712 3670 cui
734 3605 824 3668 licuit
846 3603 960 3668 afferre
981 3607 1105 3693 βο-βαί
1126 3604 1243 3668 collato
1266 3605 1318 3668 lat.
1339 3597 1380 3677 td,

272 3757 475 3768 --.-----

341 3853 405 3915 ⁸)v
423 3851 522 3904 vocalis
540 3851 597 3905 vice
621 3851 774 3919 lunpturo
793 3850 996 3906 dissimilatione
1013 3854 1114 3915 ortum,
1136 3865 1191 3904 non
1208 3853 1296 3903 autem
1313 3862 1336 3896 οι
1350 3857 1378 3895 ex

273 3930 516 3984 utassimilatioue
537 3929 650 3999 prodiit,
677 3937 708 3984 ut
734 3931 844 3984 vultL.
862 3929 1000 4000 MeyerL
1019 3935 1076 3986 etl.
1117 3925 1243 4037 Similiter
1265 3925 1374 3983 ent
1349 3939 1376 3972 ιι·

271 4027 324 4061 κον-
312 4007 393 4062 art-c
373 4017 506 4064 enatum
524 4025 583 4064 csse
600 4025 684 4079 supra
699 4010 822 4066 vidimus.
1317 4042 1320 4052 ·
