2972 4868
281 445 345 506 344
371 415 374 420 Ι
397 423 421 432 ι’
616 514 619 521 Ι
783 445 924 499 Frltzsche

367 619 461 684 Nunc
476 619 531 684 ubi
547 617 591 684 ad
613 617 709 682 finem
731 623 921 701 perventum
937 623 986 682 est
1008 616 1178 684 redeamus
1199 615 1240 680 ad
1263 635 1305 681 ea
1327 636 1406 698 quae

271 721 345 800 vp.l
371 715 527 782 adversus
543 715 742 781 Gerlandum
766 715 905 780 diximus
928 715 1143 781 defendenda.
1174 715 1256 779 Nam
1272 715 1310 778 in
1329 715 1406 778 libro
1474 747 1475 800 r

282 834 320 880 eo
343 813 433 896 cujus
455 815 651 879 mentionem
669 833 766 896 supra
788 813 920 878 fecimus
935 814 985 876 vir
1001 813 1113 878 doctus
1129 813 1170 878 de
1193 812 1407 895 duplicatione
1474 879 1475 900 ,

280 911 544 993 indogermaniea
571 911 653 976 hacc
674 911 785 976 statuit
806 910 852 994 (p.
876 912 945 993 43);
983 911 1063 986 ,vvir
1085 911 1192 976 haben
1215 927 1250 974 es
1272 911 1346 974 hier
1366 911 1408 991 (in
1474 903 1475 994 l

281 1008 414 1074 vocibus
436 1007 482 1074 eis
506 1008 676 1092 duplicatis
700 1028 779 1090 quas
801 1009 981 1090 complures
1002 1009 1133 1090 linguae
1156 1028 1222 1072 una
1243 1007 1409 1076 exhibenll
1474 1045 1475 1066 v

282 1107 372 1172 nicht
393 1107 451 1170 mit
471 1105 650 1185 intensivis,
675 1105 728 1171 die
751 1105 813 1170 deu
835 1106 1040 1170 versta'rkten
1062 1105 1246 1186 gedanken,
1270 1106 1409 1170 scudem
1474 1107 1475 1156 l

282 1205 341 1270 mit
362 1205 535 1284 iteratlvis,
572 1202 625 1268 die
647 1203 706 1268 das
728 1204 910 1269 verstarlrte
931 1203 1041 1284 gcfuhl
1062 1201 1100 1287 (l)
1122 1203 1337 1282 bezeichnen,
1376 1222 1409 1264 au
1474 1203 1475 1230 l

282 1303 379 1367 thun:
413 1301 582 1368 vvirlxlichc
604 1301 767 1365 intensiva
788 1301 901 1380 haben·
919 1301 987 1364 sich
1010 1307 1075 1366 erst
1097 1301 1180 1364 nach
1205 1301 1261 1365 der
1283 1299 1411 1382 sprach-

203 1392 216 1491 J
282 1406 444 1481 trennung
472 1399 675 1479 entwickelt,
709 1397 776 1462 und
803 1419 889 1462 zvvar
917 1417 959 1462 an
987 1398 1239 1464 verschiedenen
1271 1403 1410 1480 puncten

284 1498 341 1563 des
362 1496 689 1578 indogermanischen
710 1496 834 1577 gebiets
863 1496 929 1559 und
951 1497 1035 1560 nach
1058 1495 1308 1562 versclrlodencr
1330 1493 1409 1562 art.¹‘

284 1595 390 1673 Quare
420 1593 584 1659 Gerlaudo
621 1600 751 1658 auctore
781 1613 820 1657 ca
848 1600 974 1658 tantum
1010 1611 1093 1674 quae
1129 1593 1337 1675 paragrapho
1360 1612 1411 1682 se·
1474 1629 1475 1664 3

284 1691 392 1758 cunda
414 1691 555 1774 amplexi
585 1711 694 1756 sumus
721 1691 885 1755 intensiva
909 1690 1050 1772 genuina
1072 1709 1190 1755 vocare
1211 1691 1287 1755 licet
1314 1688 1409 1773 (Gorl.
1474 1731 1475 1776 ,

285 1811 317 1874 p.
343 1793 403 1856 180
425 1787 522 1872 sqq),
560 1789 684 1870 reliqua
719 1795 827 1854 autem
856 1809 990 1870 quorum
1026 1788 1074 1852 vis
1105 1787 1268 1878 intensiva
1302 1795 1353 1852 est
1383 1789 1411 1850 in
1474 1857 1475 1860 Ἴ

277 1887 396 1969 *lingua
417 1905 544 1969 graeca,
568 1906 609 1951 ex
630 1887 788 1951 iterativis
811 1885 998 1968 prodierunt
1019 1881 1077 1968 (id.
1093 1906 1125 1967 p.
1139 1888 1179 1948 49
1195 1883 1289 1968 sqq).
1324 1883 1411 1963 Quod

285 2004 341 2050 cur
362 1990 483 2050 statuat
498 1983 681 2048 Gerlandus
703 1985 802 2066 plane
823 2004 888 2047 non
911 1983 1035 2065 docuit3
1059 1983 1122 2046 tria
1137 1989 1255 2064 aulem,
1279 1983 1307 2048 sl
1330 1989 1412 2048 recte

286 2101 358 2148 eum
379 2081 542 2162 intellexi,
564 2081 716 2146 videntur
738 2099 808 2146 esse
831 2099 913 2162 quae
935 2099 1008 2144 eum
1030 2087 1280 2144 commoverunt.

371 2205 510 2270 Primum
547 2203 633 2285 quod
669 2205 800 2287 linguae
837 2203 1012 2269 sanscritae
1049 2202 1221 2286 peculiaris
1256 2204 1410 2286 quaedam

285 2302 366 2368 ratio
389 2308 438 2368 est
459 2301 560 2366 verba
581 2302 743 2368 intensiva
764 2301 907 2385 fingendi
929 2298 987 2384 (Γ-
1009 2299 1077 2372 liic,
1101 2300 1140 2364 cf.
1163 2323 1194 2385 p.
1209 2305 1272 2368 300
1296 2301 1409 2386 supra).

286 2401 432 2466 Alterum
454 2398 540 2481 quod
561 2399 692 2483 linguae
714 2419 851 2482 graecae
866 2418 905 2465 ea
923 2399 1005 2463 ratio
1026 2399 1158 2482 propria
1172 2395 1217 2483 (2³)
1242 2407 1300 2480 est,
1319 2419 1409 2481 quam

288 2498 492 2580 exposuimus
514 2517 545 2580 p.
559 2501 621 2562 304
637 2517 706 2581 sqq.
729 2493 923 2581 (dandal).
957 2497 1100 2560 Tertium
1124 2496 1211 2578 quod
1233 2497 1409 2580 linguarum

286 2595 541 2678 germanicarum
585 2593 804 2678 duplicatione
848 2593 913 2658 fere
957 2595 1133 2658 carentium
1169 2595 1204 2658 in
1248 2593 1409 2659 intensivis

287 2691 447 2774 fingendis
475 2693 557 2757 ratio
581 2699 630 2758 est
656 2712 786 2776 prorsus
809 2711 910 2755 nova:
947 2690 1057 2752 zioheo
1079 2691 1215 2765 accam,
1253 2691 1406 2754 sollcissm

288 2790 452 2852 achillaeo.

376 2911 463 2977 Haec
493 2919 600 2977 autem
629 2919 704 2978 sunt
733 2912 922 2996 quaemihi
950 2919 1062 2976 contra
1084 2932 1156 2978 cum
1179 2911 1330 2978 videntur
1351 2930 1406 2975 mo-

288 3008 398 3074 nenda
421 3029 502 3075 esse.

377 3129 409 3215 1)
432 3134 482 3196 Ex
503 3134 550 3198 eis
572 3133 687 3214 quibus
704 3133 1033 3222 Gerlandnsvidetur
1054 3133 1144 3197 nisus
1165 3151 1237 3198 esse
1261 3131 1296 3196 ld
1317 3133 1404 3198 solun

289 3229 402 3307 elucet,
441 3229 526 3312 quod
559 3231 739 3314 linguarum
772 3232 948 3297 sanseritae
975 3249 1110 3314 graecae
1138 3231 1342 3312 germanicae
1369 3247 1405 3293 so·

285 3327 467 3409 junctarum
507 3335 675 3410 postquam
709 3349 727 3394 e
765 3329 925 3396 communi
957 3327 1035 3394 sede
1074 3327 1312 3409 migraverunt,
1351 3343 1404 3389 cre

289 3423 400 3490 scendi
428 3431 518 3490 aetas
546 3445 611 3490 non
641 3425 745 3492 desiit.
790 3426 884 3504 Quod
911 3425 999 3490 idem
1028 3444 1069 3490 ex
1097 3425 1171 3490 aliis
1192 3426 1302 3491 multis
1324 3424 1402 3490 rebus

291 3521 405 3602 clucet,
430 3521 471 3586 de
494 3524 608 3604 quibus
631 3523 669 3588 cf.
694 3521 779 3588 Ourt.
804 3523 900 3588 Verb.
923 3523 947 3602 l,
973 3527 1076 3604 8sqq.

376 3641 410 3725 2)
448 3645 504 3710 Eis
533 3664 616 3727 quae
645 3648 674 3724 §-
700 3650 718 3708 5
749 3645 955 3728 exposuimus
983 3645 1150 3728 probatur,
1189 3645 1224 3708 ni
1253 3665 1304 3710 me
1335 3641 1403 3707 fallit

291 3741 416 3822 opinio,
452 3762 551 3825 pcc-pu
577 3763 714 3825 par-por·
741 3749 800 3808 etc.
823 3743 921 3808 luisse
951 3743 1114 3808 intensiva
1140 3741 1401 3824 indogermanica3

292 3855 368 3900 nam
391 3839 418 3902 si
440 3839 589 3904 iterativa
611 3840 660 3904 vis
683 3859 792 3905 eorum
815 3839 889 3918 fuit,
922 3861 984 3922 pop
1006 3859 1086 3921 perp
1112 3839 1190 3904 inde
1214 3839 1288 3904 oriri
1310 3835 1403 3918 nequl-

293 3939 417 3998 verunt.
457 3935 545 4020 ¹Quis
582 3937 668 4001 enim
704 3943 795 4020 putet
830 3937 956 4002 radices
994 3936 1174 4019 duplicatas
1211 3939 1244 4001 vi
1275 3934 1402 3999 iteratim

292 4031 458 4114 praeditas
494 4035 527 4096 in
560 4052 657 4097 unam
691 4033 848 4116 ejusmodi
880 4033 1022 4098 radicem
1055 4034 1236 4099 coalescere
1269 4033 1401 4117 potuisse,
