3020 4866
351 429 393 486 De
409 429 534 486 infinitivi
549 435 699 502 temporum
717 445 768 486 usu
786 429 967 500 Thucydideo.
1176 427 1215 488 41

111 604 337 670 usitatissimum
371 601 578 684 infinitivum,
618 602 739 668 soilioet
771 601 882 674 futuri,
922 610 1073 686 tanquam
1108 611 1218 670 eontra

112 702 241 785 regulum
264 699 451 785 usurpatum
473 707 598 782 traotat,
627 700 779 774 aonistum
807 700 940 782 μέλλειν
962 701 1032 766 vooi
1054 720 1218 768 annexum

100 815 144 865 ne
175 799 334 883 explicare
367 797 495 882 quidem
526 806 632 882 potest
659 797 852 880 omninoque
879 815 900 862 u
926 797 1010 864 falsu
1037 800 1218 882 sumptione

110 895 314 980 proficisoitnr.
358 897 401 962 At
428 895 455 962 si
486 894 584 961 Curtii
611 895 837 980 etymologiam
865 895 1082 978 amplecteris,
1111 897 1218 962 omnia

108 1002 185 1062 neoto
212 993 391 1078 pnooedunt
418 1012 523 1076 nequo
545 992 715 1060 offenderis
738 990 778 1056 ἄν
800 991 1092 1076 ponticuluaddite
1113 993 1217 1060 futuro

109 1093 155 1174 VI,
177 1097 225 1174 66,
252 1097 265 1156 1
298 1088 335 1157 ἐν
357 1077 384 1176 ᾧ
406 1088 514 1178 μάχης
543 1113 579 1155 τε
608 1085 721 1174 ἄρξειν
750 1087 887 1172 ἔμελλον
916 1085 1019 1156 ὁπότε
1042 1091 1217 1174 βούλοιντο

109 1193 159 1255 καλ
181 1189 212 1254 ολ
235 1188 346 1275 ἱππῆς
368 1195 434 1253 τιῦν
456 1191 673 1270 Συρακοσίων
696 1183 808 1271 ἥκιστ’
834 1180 874 1252 ἂν
897 1182 1018 1264 αὐτοὺς
1041 1189 1097 1254 καλ
1120 1187 1155 1255 έν
1170 1194 1217 1274 τῷ

110 1286 185 1374 ἐ’ρμῳ
210 1283 270 1352 κοιλ
295 1285 363 1371 πρὸ
395 1282 497 1352 αὐτοῦ
513 1283 687 1371 λυπήσειν,
712 1285 868 1368 simulque
898 1286 1073 1368 perspicies
1103 1305 1217 1352 neven·

108 1385 174 1450 dum
196 1404 277 1466 esse,
300 1403 342 1450 ne
364 1384 513 1450 subtilius
536 1383 750 1448 differentium
772 1383 855 1449 inter
869 1383 979 1464 μέλλω
1001 1381 1159 1468 ποιήσειν
1182 1392 1213 1451 et

107 1484 205 1564 μέλλω
234 1493 349 1548 ποιεῖν
371 1481 424 1548 vel
451 1481 534 1546 inter
561 1479 670 1561 μέλλω
699 1478 859 1567 ποιήσειν
882 1489 913 1546 et
940 1481 1048 1562 μέλλω
1072 1485 1217 1569 ποιῆσαι

107 1587 343 1663 perscrutemur.
397 1579 516 1646 Aoristi
554 1577 729 1646 infinitivus
759 1599 838 1645 sune
866 1579 971 1646 differt
999 1599 1019 1644 a
1047 1588 1218 1662 praesente

108 1675 154 1760 (oi.
176 1679 201 1756 Ι,
232 1681 283 1758 86,
314 1680 331 1741 3
364 1676 542 1757 μέλλοντες
571 1672 701 1741 ἀδικεῖν
731 1695 802 1743 oum
830 1678 887 1759 ΙΙΙ,
917 1679 968 1758 92,
994 1682 1005 1740 1
1033 1676 1220 1765 μελλήσαν-

110 1799 159 1852 neg
189 1772 385 1860 Ἀθηναίοις
426 1780 630 1856 προςθεῖναι
671 1780 762 1860 σφᾶς
801 1773 950 1851 αὐτοῦς),
981 1774 1039 1839 sod
1069 1775 1217 1854 futurum,

109 1871 187 1954 quod
221 1891 290 1938 nem
328 1878 359 1936 et
386 1877 644 1938 momentaneum
676 1878 708 1938 et
736 1872 903 1940 durantem
932 1877 1038 1954 potest
1065 1872 1217 1956 indioane,

108 1971 195 2035 modo
218 1989 290 2036 oum
312 1976 483 2053 praesente
505 1970 651 2053 oongruit
674 1968 745 2053 (III,
769 1973 855 2052 49,3
880 1969 1028 2054 δράσειν,
1050 1971 1108 2052 ΙΙΙ,
1132 1975 1219 2054 825

109 2065 201 2151 ὁρᾰνς
222 2067 293 2148 VII,
312 2069 361 2147 69,
379 2070 398 2130 2
420 2062 620 2150 ἀνάγεσθαι,
637 2068 690 2149 VI,
708 2071 758 2149 32,
778 2074 789 2132 1
810 2063 1017 2148 ἀνάξεσθαι,·
1048 2069 1115 2152 VII,
1132 2073 1182 2150 31,
1202 2075 1215 2134 1

106 2169 341 2249 περαιοῦσθαι,
364 2165 389 2243 l,
416 2168 498 2246 10,7
523 2163 805 2250 περαιώσεσθαι),
827 2166 923 2231 modo
945 2177 1017 2231 'oum
1038 2167 1156 2233 aoristo
1178 2189 1220 2234 ne

106 2265 256 2328 tantulum
296 2261 425 2346 quidem
459 2261 620 2347 disouepot
653 2263 728 2343 (ΙΙΙ,
759 2266 810 2344 92,
846 2269 859 2327 1
896 2269 1102 2348 προςθεῖναι
1129 2272 1220 2353 σφᾶς

106 2358 228 2438 αὐτοὺς,
251 2362 306 2442 IV,
331 2364 380 2442 66,
399 2363 416 2426 3
433 2357 771 2446 ,προςχωρήσεσθαιλ
792 2360 840 2424 itu
854 2367 909 2442 ut,
922 2362 1044 2443 quoties
1059 2364 1220 2428 variorum

106 2457 326 2524 infinitivorum
349 2459 471 2523 ieiunae
492 2457 576 2524 inter
590 2477 625 2523 se
640 2478 706 2522 non
722 2457 882 2538 differunt,
905 2459 1028 2523 nullam
1043 2461 1221 2542 proebeant

105 2575 210 2620 ausam
240 2555 285 2624 ud
313 2561 439 2638 tempus
468 2554 693 2620 definiendum.
737 2555 812 2636 Dio,
842 2575 976 2637 quaeso,
1005 2563 1109 2622 utrum
1134 2556 1220 2623 ἰέναι

107 2652 233 2736 ejusque
256 2654 447 2736 oomposita,
478 2671 559 2734 quae
582 2653 723 2734 verbum,
748 2651 788 2718 de
807 2673 868 2734 quo
891 2653 997 2734 agitur
1005 2701 1013 2733 ,
1036 2663 1219 2739 sequuntur,

107 2752 285 2831 praesentia
314 2771 356 2816 an
389 2751 494 2816 futura
527 2751 591 2816 sint
623 2750 846 2816 existimanda..
897 2747 993 2816 Ἰέναι
1025 2771 1083 2834 pro
1116 2753 1220 2819 futuro

106 2848 254 2931 usurpari.
282 2867 301 2914 e
332 2847 500 2932 permultis
531 2847 609 2913 lonis
642 2848 746 2913 eluunt
782 2848 831 2925 (of.
861 2849 886 2928 Ι,
910 2850 960 2929 91,
985 2852 1014 2913 3.
1051 2851 1092 2930 ΙΙ,
1117 2854 1167 2928 21,
1193 2857 1219 2916 t.

106 2943 141 3026 ΙΙ,
167 2951 215 3030 11,
240 2952 270 3012 4.
301 2945 338 3028 V,
362 2949 391 3023 7,
415 2950 444 3011 2.
474 2947 527 3026 IV,
552 2949 601 3025 73,
629 2951 654 3025 1,
678 2943 812 3030 passim)
835 2964 939 3028 neque
967 2947 1036 3012 veri
1059 2954 1107 3013 est
1130 2948 1222 3014 dissi·

106 3044 184 3125 mile,
207 3065 228 3110 u
252 3043 384 3109 Grseois
412 3051 485 3126 post
511 3043 620 3125 μέλλω
648 3064 706 3127 pro
734 3043 838 3108 futuro
860 3051 1026 3127 aooeptum
1049 3063 1134 3129 esse,
1163 3045 1222 3112 sed

106 3139 185 3206 idem
223 3142 406 3208 necessario
434 3141 558 3207 ratione
591 3141 768 3225 dijudioore
796 3141 910 3223 nequis
943 3137 995 3224 (of.
1018 3142 1072 3224 IV,
1106 3145 1156 3225 94,
1192 3147 1220 3210 2.

110 3239 173 3321 125,
190 3242 219 3304 2.
243 3238 282 3321 V,
311 3241 407 3321 69,1.
435 3240 489 3318 VI,
513 3242 563 3321 26,
590 3244 616 3303 1.
645 3242 696 3321 96,
722 3244 749 3304 1.
777 3239 846 3320 VII,
871 3241 920 3320 78,
945 3243 973 3304 3.
996 3238 1081 3321 VIII,
1105 3243 1155 3323 23,
1179 3245 1220 3319 4).

107 3327 1220 3422 immmwmmmmmmommmfflu

110 3433 157 3515 22,
177 3432 207 3516 1)
223 3434 323 3516 valet,
347 3455 431 3516 quoe
445 3441 477 3500 et
491 3434 601 3500 eoristi
617 3441 649 3500 et
663 3433 768 3501 futura
782 3453 853 3500 esse
867 3442 1010 3518 possunt.
1039 3435 1146 3518 Atque
1160 3436 1221 3512 his,

110 3536 142 3593 ut
161 3529 302 3613 inuentis,
327 3533 485 3616 exemplis
508 3532 675 3614 negleotis,
697 3531 806 3615 μέλλω
828 3531 1032 3615 oonjunotum
1046 3533 1221 3599 invenitur:
1294 3551 1296 3558 ’

191 3626 222 3713 1)
247 3646 316 3692 εσσε
338 3628 489 3714 o'nfioitioo
509 3629 630 3710 futuri:
659 3629 684 3710 Ι,
712 3634 759 3711 10,
784 3633 812 3694 7.
842 3632 892 3709 22,
919 3635 945 3694 1.
969 3631 1019 3710 22,
1044 3633 1072 3694 3.
1099 3633 1168 3713 107,
1191 3634 1220 3694 2.

109 3727 174 3805 167,
198 3729 227 3792 3.
261 3730 330 3810 130,
354 3731 383 3792 2.
415 3729 484 3809 132,
510 3730 538 3792 6.
570 3730 639 3807 134,
666 3733 691 3790 1.
721 3727 762 3808 ΙΙ,
788 3728 816 3806 8,
841 3729 861 3789 2
883 3725 966 3804 (bis).
992 3729 1040 3808 12,
1064 3729 1093 3793 3.
1119 3731 1168 3810 13,
1193 3735 1222 3794 7.

109 3821 154 3901 24,
181 3827 207 3888 t.
239 3826 345 3906 67,1.
379 3827 428 3895 67,
452 3828 481 3890 3.
513 3828 617 3906 71,1.
651 3825 702 3905 72,
725 3828 755 3888 4.
785 3826 835 3906 76,
858 3826 887 3888 3.
911 3826 960 3898 89,
985 3827 1014 3890 3.
1036 3825 1094 3906 ΙΠ,
1120 3829 1169 3908 11,
1195 3831 1220 3890 1.

112 3920 1221 4008 ωεωλωεωωωσωεωεωαωλ

108 4016 1221 4104 mnnmslunnuunuumnsunmo
