2958 4868
347 444 388 500 Dc
405 445 538 502 vocalium
555 461 713 516 graecarum
731 448 898 519 hyphceresi.
1124 449 1183 514 127

78 623 137 700 post
160 642 176 683 ε
198 618 343 684 vocalem
371 618 405 684 in
427 641 454 682 ω
484 619 600 703 corripi
627 619 827 688 cBredovic
855 621 1105 688 demonstratum
1131 625 1187 704 eit·

77 713 205 780 dubitari
226 717 281 780 viu
303 723 416 799 potest,
441 717 517 798 quin
539 717 572 782 in
595 717 745 784 universa
766 718 904 786 dialecto
928 720 1107 787 neo-ionica
1136 746 1181 788 εω

75 819 135 894 post
165 811 317 895 cujusque
344 814 471 896 generis
499 815 628 881 vocales
656 815 690 880 in
719 841 745 880 ω
774 816 970 900 corripiatur.
1020 818 1181 886 Librarios

75 909 148 974 onim
176 931 233 994 pro
255 910 359 976 ionico
381 911 532 978 habuisse
554 911 671 994 ubique
693 933 786 995 quam
809 914 963 997 plurimas
985 917 1113 982 vocales
1134 918 1182 984 In·

71 1006 171 1089 jIcere,
190 1007 260 1090 jam
282 1009 365 1074 inter
387 1027 497 1075 omncs
520 1016 660 1093 constat;
685 1029 792 1076 eorum
815 1014 913 1078 errori
935 1012 1030 1095 igitur
1051 1033 1178 1098 semper

74 1127 107 1169 εω
129 1125 188 1188 ρέα
205 1127 230 1168 ω
248 1104 389 1187 debetur,
414 1113 448 1170 ut
463 1125 490 1172 e.
507 1126 536 1189 g.
560 1107 593 1172 in
614 1104 733 1174 Άσλεω
757 1108 832 1174 Hdt.
854 1110 908 1188 IV,
932 1115 972 1176 45
995 1131 1052 1194 pro
1065 1107 1177 1198 Ἀσίω,

72 1202 147 1284 quod
165 1203 234 1286 jum
256 1203 289 1268 in
312 1203 480 1270 homericis
502 1204 695 1272 carminibus
717 1207 869 1289 legimus,
903 1213 937 1272 ut
958 1208 991 1273 in
1013 1207 1177 1276 Πακτύεω

72 1300 105 1381 (Ι,
125 1304 197 1380 158)
218 1321 275 1385 ρέα
297 1299 440 1366 Horrore
463 1301 497 1366 in
518 1301 566 1386 tit.
590 1301 667 1386 Myl.
690 1309 826 1370 servato.

144 1398 289 1465 Eandem
312 1399 529 1483 hyphaeresin
550 1401 584 1466 in
606 1401 755 1483 genetivo
778 1401 913 1484 pluralis
934 1403 1057 1468 numeri
1079 1405 1178 1470 nomi-

70 1515 134 1562 num
157 1496 191 1559 in
213 1519 234 1558 α
256 1495 373 1562 factam
402 1516 473 1564 csse
501 1497 664 1582 videnum
696 1497 758 1564 hae
786 1499 871 1564 enim
900 1499 1021 1568 iormac
1049 1496 1177 1570 exstem

69 1593 109 1671 (ci.
132 1590 228 1658 Bred.
251 1593 272 1658 l.
295 1613 321 1658 c.
346 1597 433 1669 crat:
474 1592 597 1678 αἰγέων
620 1615 676 1679 ρέα
699 1593 850 1679 αἰγεέων,
873 1595 958 1680 γέων
981 1618 1038 1682 ρέα
1060 1597 1175 1680 γεέων,

66 1687 244 1777 Ἡρακλέων
266 1711 324 1774 pro
344 1687 561 1776 Ἡρακλεέων,
590 1690 726 1778 θηλέων
752 1715 810 1777 ρέα
833 1692 997 1781 θηλεέων,
1026 1695 1175 1764 Μαλέων

67 1809 113 1871 ρέα
136 1785 314 1867 Μαλεέων,
339 1788 491 1872 χρυσέων
519 1810 577 1874 ρέα
603 1789 784 1874 χρνσεέων,
812 1788 921 1872 μνέων
949 1813 1007 1875 ρέα
1036 1792 1173 1875 pocior,

68 1884 187 1952 συκέων
224 1905 281 1970 ρέα
318 1885 475 1954 σνκεέων.
521 1886 675 1954 Omnibus
711 1889 789 1956 locis
823 1889 912 1956 Stein
948 1891 981 1956 in
1019 1891 1068 1958 cd.
1106 1893 1174 1960 crit.
1221 1963 1223 1968 ,

66 1984 261 2062 cubitem,
290 1984 374 2066 quod
402 1986 505 2050 solum
533 1992 653 2052 rectum
682 2006 754 2054 esse
775 1986 912 2054 Bredow
935 1986 1173 2072 demonstravit,

65 2081 100 2146 sic
130 2080 297 2164 quinquies
322 2077 525 2166 Ἡρακλέων,
563 2084 668 2150 sexies
697 2081 844 2170 θηλέων,
873 2092 980 2152 amen
1009 2106 1073 2152 uno
1103 2087 1173 2154 Ioco

65 2180 91 2261 (Ι,
114 2183 167 2258 82)
196 2201 255 2264 ρέα
276 2178 426 2244 Μαλέων
449 2200 489 2246 cx
515 2180 658 2246 codicum
687 2183 774 2247 mala
795 2183 984 2250 auctoritate
1005 2182 1172 2250 Μαλεέων

63 2277 188 2361 recepit;
212 2277 321 2344 scribit
340 2284 426 2342 recte
442 2274 619 2365 ἀδελφεῶν
642 2279 711 2360 (ΙΙΙ,
729 2282 778 2356 31,
803 2279 840 2356 V,
864 2283 927 2362 80),
950 2280 1007 2346 scd
1029 2280 1171 2364 γενεέων

64 2375 108 2455 (ΙΙ,
134 2377 203 2459 142,
227 2375 280 2456 VI,
304 2377 367 2456 98),
391 2394 473 2457 quac
493 2376 718 2450 inconstantia,
737 2375 807 2458 jam
828 2377 1025 2444 aBredovio
1048 2399 1170 2444 summo

59 2470 123 2552 jure
144 2474 283 2557 repulsa,
307 2469 506 2538 nullomodo
528 2472 603 2540 ferri
625 2479 738 2557 potest.
763 2509 804 2518 -
828 2473 973 2540 Ceterum
988 2497 1051 2542 non
1067 2479 1170 2542 scium

61 2577 126 2651 post
154 2595 180 2646 ε,
214 2569 271 2636 sed
300 2569 395 2634 etiam
424 2576 497 2653 post
524 2570 605 2635 alias
633 2571 761 2636 vocales
791 2594 855 2636 εων
882 2571 916 2636 in
938 2595 983 2638 ων
1013 2581 1169 2640 mutatum

25 2655 28 2666 ’
62 2685 138 2749 esso,
161 2673 196 2732 ut
217 2667 251 2731 in
272 2667 421 2748 genetivo
444 2667 630 2750 singularis,
653 2669 732 2732 mihi
754 2667 883 2750 quidem
905 2670 1168 2740 verisimillimum

61 2770 116 2844 est,
149 2782 341 2846 quamquam
370 2765 403 2828 In
431 2765 531 2831 titulis
559 2767 739 2849 exemplum
769 2785 834 2830 non
863 2772 968 2832 exstat
990 2775 1022 2832 et
1043 2767 1168 2836 codices

60 2879 176 2945 temper
202 2861 269 2926 fere
299 2885 362 2926 εων
391 2869 520 2928 servant
548 2864 598 2937 (ci.
629 2845 722 2928 Breci.
752 2863 773 2928 l.
797 2883 823 2928 c.
847 2867 931 2939 218).
975 2867 1098 2932 Tamen
1128 2886 1168 2932 ex

59 2959 201 3042 analogia
222 2959 283 3024 hoc
304 2958 452 3024 concludi
476 2960 586 3042 debet,
612 2960 799 3045 praesertim
822 2981 892 3026 cum
916 2961 1052 3028 eandem
1074 2963 1167 3030 affec·

58 3055 167 3121 tionem
196 3055 284 3139 apud
305 3056 531 3139 Hippocratem
560 3058 770 3124 inveniamus.
814 3056 899 3124 Flor.
922 3059 1053 3126 Lobeok
1082 3061 1167 3126 onim
1234 3122 1240 3132 .

58 3150 86 3215 in
99 3153 212 3219 Philol.
230 3154 317 3236 VIII,
335 3157 374 3220 33
398 3156 553 3238 exposuit,
576 3155 664 3238 apud
685 3155 912 3239 Hippocratem
934 3157 1045 3222 horum
1068 3158 1168 3224 nomi·

58 3269 125 3314 num
147 3251 330 3334 genetivum
352 3273 417 3317 non
439 3253 473 3317 in
496 3275 570 3332 εων,
593 3252 706 3320 sedin
729 3277 774 3318 ων
798 3253 895 3336 exire,
918 3255 1007 3319 velut
1029 3273 1055 3320 e.
1078 3275 1109 3338 g.
1132 3256 1165 3321 in

58 3343 169 3413 ἐλαιῶν
192 3369 250 3432 pro
273 3346 424 3430 ἐλαιέων,
449 3348 533 3431 quod
556 3350 689 3416 fortasse
704 3351 739 3416 in
760 3348 882 3417 ἐλαίων
904 3350 1091 3416 mutandum
1107 3359 1164 3420 cst.

57 3443 194 3528 Denique
217 3445 401 3512 addendum
418 3454 466 3513 est
479 3447 544 3512 illis
560 3448 740 3514 nominibus
759 3444 929 3532 ἀργαλέων
953 3449 1073 3528 (Mimo.
1091 3455 1119 3532 6,
1138 3455 1163 3532 Ι,

57 3538 157 3624 Bergk
168 3545 190 3619 3)
213 3563 271 3626 pro
295 3541 485 3627 ἄργαλεέων
509 3544 559 3620 (ci.
582 3545 712 3610 Renncr
734 3545 869 3626 ‚‚Stud.“
891 3547 916 3626 Ι,
944 3550 969 3627 Ι,
994 3549 1078 3622 203).

133 3638 287 3706 Omnibus
308 3641 405 3724 igitur
426 3641 459 3707 in
482 3642 532 3706 his
553 3641 663 3710 formis
680 3667 694 3708 ε
711 3649 785 3720 ante
809 3667 854 3707 ων
877 3644 981 3727 posita
1003 3649 1051 3710 est
1073 3644 1162 3729 elisa,

57 3753 122 3800 nam
146 3757 163 3802 e
183 3737 292 3803 iormis
315 3735 456 3820 εὐμελίω
480 3745 538 3804 oet.
562 3739 674 3821 clucet,
702 3761 767 3805 non
789 3741 926 3824 priorem
950 3766 964 3808 ε
988 3760 1060 3808 esse
1082 3743 1163 3826 ejec-

57 3835 114 3896 tam
143 3842 213 3901 cte
241 3837 400 3918 genetiuis
429 3837 563 3919 pluralis
592 3837 710 3902 talibus
741 3838 844 3919 quaIIs
874 3845 921 3904 est
950 3835 1160 3923 cippaticos

57 3947 114 3994 non
148 3951 217 3999 esse
253 3940 447 3998 contractam
488 3953 559 3998 cum
592 3959 647 3998 ων.
700 3957 715 4000 ε
751 3934 861 4016 igitur,
906 3955 1097 4018 quamquam
1128 3937 1161 4002 in

56 4029 193 4104 genetivo
227 4029 362 4114 plurcIIs
398 4037 562 4095 accentum
600 4032 712 4113 habet,
749 4032 885 4116 primum
918 4033 1054 4117 synizesi
1090 4055 1160 4102 cum
