2958 4868
445 451 487 508 De
504 453 617 508 dicctasi
633 453 778 510 homerica.
1114 451 1174 514 163

62 645 179 708 quoque
214 624 333 708 linguis
361 624 440 692 tolia
468 625 570 691 multa
598 632 781 709 occurrunt,
819 627 857 692 oi.
891 633 1019 712 praeter
1045 626 1174 710 Brugm.

61 722 211 790 Schleicb.
236 721 369 806 Oomp.³
391 729 442 805 30,
466 722 552 792 Ourt.
574 723 711 806 ,‚Stud.“
733 725 775 805 ΙΙ,
801 728 870 792 186.

139 821 261 900 Quibus
283 820 431 888 omnibus
452 823 609 905 reputatis
631 821 777 888 dubitare
798 842 863 888 non
886 842 1069 906 possumus,
1097 822 1174 905 quin

60 918 139 1003 apud
161 919 334 983 Homerum
364 937 490 1000 quoque
517 918 684 1002 productio
707 943 728 984 α
749 919 836 986 illius
858 921 1028 986 verborum
1050 921 1084 984 in
1102 923 1174 984 ἱαω

60 1015 204 1100 spirantis
225 1016 258 1080 vi
280 1015 395 1082 effecta
416 1016 473 1099 sit,
505 1036 610 1100 neque
632 1017 834 1098 mirabimur,
872 1017 957 1100 quod
979 1037 1083 1100 pauca
1104 1024 1175 1082 tan·

59 1121 117 1178 tum
138 1113 227 1179 illius
249 1113 466 1196 productionis
485 1115 635 1199 exempla
655 1115 870 1196 inveniuntur,
894 1134 965 1180 oum
988 1115 1084 1181 etiam
1106 1133 1176 1180 ver·

59 1211 162 1276 borum
186 1211 221 1276 in
242 1234 306 1276 -εω
328 1217 361 1276 et
382 1235 448 1276 -οω
470 1213 601 1278 vocales
625 1219 722 1278 ceto
745 1211 832 1296 apud
854 1211 992 1278 eundem
1014 1213 1175 1280 rarissime

59 1309 276 1392 producantur.

133 1407 209 1474 Jam
239 1426 279 1474 ex
308 1407 355 1472 eis
384 1405 511 1488 formis,
546 1425 628 1488 quae
651 1430 672 1470 α
695 1406 883 1490 productam
912 1405 1048 1490 babent,
1086 1413 1175 1475 ortae

59 1510 123 1570 sunt
152 1505 396 1571 assimulatione
424 1523 498 1586 eae,
538 1523 620 1587 quae
648 1505 754 1588 priore
781 1505 852 1570 loco
880 1507 902 1568 ᾱ
928 1505 982 1570 vel
1005 1527 1031 1567 ω
1054 1505 1175 1572 habent

60 1591 240 1688 (desolacio,
261 1599 466 1686 μενοινώω);
490 1621 540 1682 (τοι1
553 1602 599 1668 eis
621 1607 739 1683 autem,
762 1621 844 1684 quae
859 1625 880 1666 α
894 1609 1082 1686 correptam,
1106 1622 1174 1684 eae,

59 1717 131 1780 quae
153 1699 261 1783 priore
287 1701 358 1766 loeo
381 1697 403 1762 ἄ
424 1698 478 1763 vel
501 1721 519 1762 ο
547 1698 670 1766 habent
699 1698 930 1777 (ναιετάασκε,
954 1694 1092 1784 ὁρόων);
1129 1701 1176 1766 ita

59 1804 87 1860 ut
105 1797 185 1862 baec
208 1797 348 1864 varietas
370 1795 556 1878 quantitatis
579 1796 698 1878 optime
714 1816 732 1862 e
746 1815 883 1880 graecae
897 1798 1027 1880 linguae
1041 1797 1175 1866 historia

58 1892 256 1979 intellegatur
278 1901 375 1977 atque
398 1899 576 1960 excusetur.

501 2158 626 2236 Onam
652 2161 716 2237 IV.

167 2331 226 2396 ou
249 2288 529 2396 cosnnmoms
553 2327 734 2396 voonms
757 2329 1052 2409 ounummuu.
1151 2349 1153 2352 ·

133 2484 235 2550 Multo
268 2504 344 2550 vero
378 2482 536 2548 difficilior
570 2481 747 2565 dijudicatu
780 2489 829 2548 est
861 2485 1005 2566 quaestio
1042 2484 1084 2550 de
1119 2507 1175 2569 po·

58 2581 192 2646 sterioris
224 2581 346 2647 vocalis
374 2580 562 2663 quantitate.
607 2579 691 2644 Nam
717 2580 797 2646 baec
826 2599 950 2663 quoque
978 2581 1074 2648 modo
1102 2603 1173 2666 pro·

59 2675 146 2744 ducta
169 2673 349 2763 (ὁρόωντο,
382 2671 517 2762 ὁράᾳς),
555 2676 650 2742 modo
672 2677 779 2742 brevis
803 2674 983 2759 (μνώοντο,
1013 2675 1174 2760 εὐχετὸἄ-

60 2779 147 2852 σθαι,
170 2777 192 2840 ἄ
215 2795 232 2840 e
254 2776 372 2842 testim.
395 2774 581 2852 Aristarchi,
605 2773 712 2840 Schol.
735 2779 767 2838 Κ
788 2779 862 2850 466)
884 2776 1055 2842 invenitur.

134 2874 270 2940 Veteres
291 2872 421 2956 quidem
443 2871 528 2937 bano
550 2872 738 2953 quantitatis
760 2872 949 2940 varietatem
978 2875 1087 2940 mirari
1108 2895 1173 2942 non

58 2975 230 3054 potuerunt,
254 2971 308 3052 qui
322 2973 356 3035 in
372 2965 521 3054 ὁρόωντο
537 2970 667 3035 brevem
683 2971 828 3036 vocalem
845 2971 963 3054 longae
984 2973 1172 3056 pleonasmo

58 3066 241 3147 praefixam,
276 3069 310 3132 in
339 3065 490 3149 μνώοντο
520 3073 627 3133 autem
655 3067 833 3134 subnexam
862 3075 1020 3152 putarent.
1065 3069 1173 3137 Goett-

58 3163 167 3248 lingius
189 3166 311 3249 primus
332 3185 403 3230 cum
425 3166 459 3231 in
473 3166 547 3232 ¹berc
569 3165 798 3249 explicatione,
832 3171 899 3230 tum
927 3167 961 3232 in
990 3167 1049 3232 illa
1070 3169 1173 3235 varie-

58 3267 116 3328 tate
130 3262 274 3330 offendit.
304 3264 417 3346 Neque
430 3282 507 3329 vero
523 3263 657 3345 contigit
672 3263 714 3344 ei,
738 3269 773 3327 ut
794 3261 1011 3329 difficultatem
1034 3265 1172 3332 tolleret.

60 3358 102 3424 De
123 3354 272 3445 ὁρόωντο
295 3361 365 3427 sim.
388 3362 474 3427 enim
496 3361 579 3426 nibil
602 3360 679 3425 dicit
693 3361 755 3426 nisi
777 3378 910 3426 necesse
932 3380 1013 3440 esse,
1036 3363 1171 3428 alteram

59 3457 197 3538 produci,
231 3459 252 3524 l.
276 3478 303 3524 c.
329 3463 398 3524 101.
443 3456 536 3537 Quod
566 3464 672 3523 autem
703 3456 743 3522 de
771 3457 881 3522 lormis
913 3459 947 3522 in
980 3482 1075 3544 -αας,
1109 3483 1172 3545 -op

60 3557 239 3622 exeuntibus
268 3555 378 3621 scribit
405 3556 487 3622 baec
512 3576 544 3638 p.
568 3557 624 3621 97:
662 3574 741 3636 „aus
771 3554 893 3621 diesem
922 3552 1076 3636 αόχετάαι
1104 3558 1171 3622 und

60 3645 223 3730 εόχετάαις
252 3652 334 3718 wird
363 3651 461 3718 durch
484 3651 689 3718 Contraction
716 3651 773 3718 des
795 3654 1033 3735 umgelauteten
1054 3653 1172 3722 Binde·

60 3748 159 3815 vocals
179 3751 238 3816 mit
259 3750 333 3818 dem
357 3775 369 3816 ι
391 3749 449 3816 der
470 3749 610 3832 Endung
633 3747 773 3836 εὐχετάᾳ
793 3750 861 3816 und
884 3747 1074 3837 εὐχετάᾳς,“
1100 3773 1171 3836 pro-

60 3840 122 3908 bari
148 3867 211 3914 non
240 3853 355 3932 potest.
399 3847 527 3914 Deinde
549 3848 616 3913 Leo
637 3848 785 3932 Meyerus
814 3846 856 3914 de
878 3847 969 3931 justa
995 3849 1171 3932 productae

60 3945 170 4012 vocalis
193 3945 409 4028 explicatione
432 3944 608 4028 desperans
630 3965 688 4028 pro
711 3939 878 4030 ὁρόωντο,
901 3941 1044 4030 ὁρόῳτε,
1075 3943 1168 4028 εὐχε-

58 4037 181 4130 τοῴμην
196 4042 367 4111 scribenda
382 4061 453 4110 esse
468 4050 577 4110 censet
599 4039 751 4127 ὁρόοντα,
775 4037 918 4128 dodone,
943 4038 1169 4131 εὐχετοοίμην.
1236 4053 1240 4058 “

914 4145 966 4197 11*
