2972 4868
455 441 488 496 (le
496 441 719 512 reduplicatioue
737 459 842 512 graeca
1147 443 1208 507 285

92 608 220 693 λάβρως
246 610 290 676 id
320 645 362 658 -
395 613 434 678 ei.
463 610 566 697 ἱδρώς
593 637 655 694 μου
685 612 888 695 κοχύδεσκον
917 615 1111 699 Thenete,
1138 623 1208 684 187.

93 706 238 788 κοχύζειν
260 708 406 775 Strettidi
428 711 537 776 tribuit
559 711 757 778 Meiueekius
779 713 821 794 ΙΙ,
845 715 917 779 788.

171 829 265 870 nov·
272 804 367 872 κού·
375 831 455 894 φα·
464 809 621 892 ςΗοτομ.
646 809 787 892 Hieregl.
811 810 835 892 Ι,
860 815 899 874 55
924 829 1063 894 „upupa,
1086 811 1149 890 vel,
1173 818 1208 877 ut
1240 891 1244 902 .

90 901 157 968 aliie
186 903 322 980 videtur,
358 911 491 986 noetua,
520 907 573 972 vel
601 906 755 989 eieouia“‚
787 907 821 971 id
849 907 934 990 quod
960 927 1019 974 ser.
1042 907 1208 972 lul-lulla

92 1017 158 1065 esee
180 1001 250 1065 vult
275 1001 328 1065 ΙΨ
350 1007 401 1068 44.

169 1093 385 1164 κύ-κο-ον·
423 1099 481 1167 τὸν
511 1099 636 1168 σικυόν.
674 1099 826 1182 κοκύιζα·
859 1103 996 1186 γλυκεῖα
1023 1101 1207 1168 κολόκοντα

89 1193 219 1260 Hee—
240 1195 354 1266 Mirum
376 1205 425 1264 est
446 1199 532 1282 qued
547 1222 564 1262 ο
580 1199 702 1266 vocalis
724 1199 774 1266 bie
796 1199 933 1266 subinde
955 1199 1092 1283 auditur,
1115 1201 1207 1285 eujus

87 1295 129 1359 rei
151 1315 256 1378 pauea
277 1301 402 1360 tautum
425 1297 576 1382 exempla
604 1303 731 1363 extent.
768 1293 897 1380 γλυκύς,
925 1319 1096 1406 τανυστυς,
1124 1323 1208 1383 μορ-

87 1389 202 1476 μύρωῗ
225 1391 341 1477 (Boe).

166 1491 238 1554 λα·
246 1489 317 1554 λά·
326 1489 367 1569 ζ·
351 1514 400 1554 -ω
429 1489 471 1555 ad
500 1491 620 1574 garruli
651 1491 704 1556 vel
738 1491 947 1557 balbutientis
983 1511 1094 1558 vocem
1132 1490 1206 1574 (uer.

86 1587 204 1666 lalalle,
239 1587 278 1652 ei.
308 1584 392 1674 μηδ’
416 1585 503 1654 ὥστε
532 1593 620 1669 κῦμα
646 1585 785 1652 πόντιον
807 1587 927 1668 λάλαζε
951 1589 1067 1654 Auaeu.
1089 1589 1126 1653 ir.
1149 1588 1204 1673 80)

84 1683 272 1752 imitandam
295 1685 400 1750 fletum
423 1691 480 1751 est.
517 1683 756 1765 λαλά-ξαντες·
778 1684 974 1771 βοήσαντες,
996 1684 1204 1770 λά-λα-γ-ες·

83 1783 204 1866 χλωροὶ
235 1781 397 1866 βάτραχοι
423 1783 499 1848 Hes.
536 1819 578 1828 —
613 1779 782 1861 λά-λλα-ι,
812 1783 897 1865 quod
925 1783 1041 1866 legitur
1071 1783 1204 1850 Theoer.

85 1883 137 1959 22,
162 1883 219 1962 39,
260 1881 334 1946 HeS.
363 1886 449 1946 reete
483 1879 559 1945 dieii
591 1899 662 1946 esse
703 1879 765 1956 τὰς
803 1882 1113 1964 παραθαλασσίους
1148 1884 1205 1948 καὶ
1270 1969 1275 1990 x

85 1982 366 2063 παραποταμίους
388 1976 540 2064 ψήφους.
562 2013 605 2024 -
630 1975 749 2054 λάλ-ος
770 1998 800 2041 v.
822 1978 915 2044 iufra.

163 2073 369 2158 μά-μμα,’
382 2073 511 2161 μάμμη,
533 2079 718 2158 μαμμα-ία,
741 2077 797 2140 lat.
820 2096 978 2154 uta-mma,
1009 2078 1055 2141 lit.
1077 2069 1216 2160 niu-ma).

86 2172 206 2256 ονο-οιὰ,
230 2173 386 2257 palaeosl.
408 2193 525 2235 νιν-πα
545 2179 656 2252 meter,
679 2174 895 2256 palaeogerm.
918 2177 1035 2237 mci-mit
1054 2173 1206 2258 (maome)

84 2277 252 2336 matertera
288 2269 356 2353 (F.²
385 2269 462 2354 386)
497 2289 562 2334 vox
594 2277 644 2335 est
675 2270 859 2352 infantium,
899 2291 994 2353 quam
1027 2273 1204 2355 simplicem

85 2369 214 2450 praebet
229 2367 345 2434 Aeeeh.
361 2367 473 2452 Suppl.
490 2370 552 2433 890
566 2373 621 2449 ’μᾶ
643 2373 686 2451 γᾶ
708 2366 840 2448 (Buttm.
856 2369 895 2434 A.
912 2370 966 2435 Gr.
985 2370 1025 2450 ΙΙ,
1039 2373 1101 2433 214
1124 2367 1204 2454 net.)

85 2472 114 2530 et
138 2479 234 2548 μαῖα.

163 2562 391 2646 μι-μί-ζ-ιο
420 2563 561 2638 hinnire,
593 2559 807 2643 μι-μι-χ-μός
835 2562 885 2640 [ef.
914 2559 1039 2644 μύ-ζ-ιο
1071 2564 1203 2647 (ἔμασα)

84 2660 229 2743 μοχμός].
244 2697 286 2708 -ν
309 2659 355 2726 cl.
367 2659 557 2742 μιμάξασα·
577 2664 816 2742 χρεμετίσασα.
840 2657 1028 2747 φωνήσασα
1046 2663 1132 2745 Hes„
1148 2665 1203 2728 ubi

83 2757 178 2824 Maur.
197 2759 344 2825 Schmidt
358 2757 485 2824 videtur
501 2757 588 2822 haud
603 2763 690 2822 reete
705 2756 882 2839 conjecisse
895 2761 1077 2840 μιμίξασοε
1100 2785 1204 2841 μι-μα

83 2857 163 2921 euim
191 2857 404 2939 antiquiorem
433 2855 551 2922 uadieis
579 2855 713 2919 formam
741 2855 840 2920 luisse
868 2855 1026 2921 iudicetur
1048 2860 1203 2924 sanserite

82 2955 242 3036 lut-meti,
266 2955 422 3036 πΙ-οιο-ΙΙ,
453 2973 471 3019 e
492 2953 583 3036 eujus
605 2951 712 3018 radice
735 2971 785 3014 ma
808 2959 1007 3020 attenuatum
1030 2963 1132 3020 ortum
1156 2963 1204 3023 est

34 3107 40 3118 ,
82 3049 328 3134 leiim-mite),
353 3052 438 3116 unde
459 3051 568 3134 maj-u,
591 3050 699 3134 maj-u,
722 3050 863 3134 maj-ura
885 3052 962 3117 Lex.
986 3053 1053 3118 Pet.

162 3147 377 3215 νά-ννα-ν·
415 3147 473 3212 τὸν
501 3153 562 3236 τῆς
587 3147 714 3234 μητρὸς
747 3142 769 3234 ἢ
795 3154 855 3212 τοῦ
884 3147 1013 3232 πατρὸς
1042 3146 1201 3236 ἀδελφόν,

83 3243 112 3308 οἱ
141 3246 176 3312 δὲ
207 3246 269 3334 τὴν
297 3241 424 3311 τούτων
459 3242 620 3332 ἀδελφήν.
657 3242 775 3332 νάννη·
809 3245 936 3331 μητρὸς
965 3243 1096 3334 ἀδελφή
1127 3249 1202 3314 Heu.

82 3342 116 3405 ei
145 3342 276 3420 νεννός·
315 3339 466 3432 ἀδελφός
506 3341 655 3425 (matriti
688 3344 730 3408 M.
760 3341 809 3426 S.)
841 3343 896 3425 id.²
930 3343 1046 3408 Pollux
1079 3351 1201 3410 autem:

85 3443 211 3518 νέννος·
234 3439 362 3538 μητρὸς
385 3438 572 3525 ποτήμ-
595 3445 685 3526 νίννη
709 3439 743 3506 O.
759 3441 785 3505 Ι.
805 3444 954 3505 1994.—
983 3440 1073 3520 Quae
1095 3442 1204 3507 omnia

84 3535 224 3618 ejusdem
248 3540 335 3604 voeis
357 3538 528 3602 infantium
550 3545 625 3603 eunt
652 3539 742 3622 eujus
772 3558 832 3604 ser.
854 3541 936 3600 ποπο
964 3545 1030 3602 mat
1032 3557 1079 3620 er,
1118 3539 1204 3621 quod

82 3636 147 3698 et'
139 3655 211 3719 1pse
250 3635 416 3720 signifieat
408 3657 515 3700 lenum
551 3636 707 3702 verietate
744 3633 897 3718 pribatur
932 3643 964 3701 et
997 3636 1202 3720 Hesychieue

83 3727 256 3813 νάνναζον·
280 3731 485 3814 παιζόμενον
509 3731 695 3818 (παῖζονῗ).
718 3767 759 3778 -
789 3733 859 3798 Lat.
882 3753 1010 3804 nonnus,
1034 3733 1161 3799 nonna?

166 3828 345 3896 πά-ππᾶ
379 3829 473 3913 (voe,
505 3827 616 3913 ζ57),
655 3826 807 3906 πάπα-ς
837 3829 870 3896 G.
893 3831 917 3894 I.
942 3831 1026 3894 2664
1054 3837 1086 3897 et
1116 3831 1202 3912 Heu,

83 3933 180 4009 pater,
209 3927 295 3994 uude
318 3926 492 4006 παππάζω
516 3933 548 3993 et
569 3925 723 4005 πάππος,
754 3947 844 4010 avus,
868 3933 916 3993 eet
936 3947 1001 3993 vox
1022 3927 1202 3994 infantium.

84 4019 128 4088 (tf.
142 4025 198 4090 lat.
212 4045 339 4110 μο-μμο,
349 4025 453 4108 (Verr.
466 4045 518 4108 ap.
535 4025 618 4090 Neu.
634 4045 665 4109 p.
683 4027 732 4107 81,
750 4024 784 4108 3)
799 4031 831 4091 et
846 4023 931 4107 qued
945 4024 1030 4090 idem
1046 4026 1203 4109 signifieat
