2958 4868
289 420 350 483 152
784 421 915 491 blangold

286 597 365 664 nisis
384 613 521 680 graesae
538 594 668 678 linguae
682 594 811 678 regulas
826 595 885 660 sub
901 595 1001 661 oeulis
1023 595 1144 679 positas
1162 593 1256 660 nihili
1277 595 1398 660 babere.

285 695 361 780 Ipse
388 700 496 760 autem
524 715 550 756 ω
579 693 668 758 voois
697 687 848 778 ὁρόωντα
882 683 1092 760 τοοϊοέοτίὴί
1120 713 1161 760 ex
1192 694 1256 770 eis,
1293 691 1399 774 quibus

285 793 415 858 vooalos
436 791 572 858 affectae
593 792 666 873 sint,
688 789 919 857 mutationibus
941 793 1077 875 probare
1098 791 1215 858 studet.
1245 789 1400 856 Profectus

285 891 326 956 ab
350 889 544 974 explioanda
565 888 668 954 forma
690 883 834 971 dodoau,
864 907 959 970 quam
982 888 1151 956 Corsseuio
1180 887 1262 953 duee
1290 887 1400 970 optimo

283 987 330 1052 ita
351 1005 423 1054 esse
445 987 591 1053 effectam
613 985 756 1068 doeetb,
787 992 821 1050 ut
842 986 979 1069 primurn
1000 987 1242 1053 assimulatione
1264 1003 1400 1068 progres-

285 1086 355 1152 siva
377 1079 518 1166 ὁράουσι
540 1082 691 1150 transiret
712 1083 747 1146 in
770 1077 934 1166 *bqowoq
958 1119 1000 1130 -
1022 1084 1201 1167 eujusmodi
1224 1082 1401 1165 exemplum

283 1184 445 1249 invenitur
480 1178 671 1248 ναιετάωσα
706 1215 749 1226 -·-
785 1186 852 1245 tum
889 1181 1131 1248 assimulatione
1162 1180 1344 1264 regressiva
1373 1179 1401 1244 iu

285 1275 423 1365 ὁρόωσι,
446 1315 488 1326 -
502 1280 578 1345 bino
590 1279 688 1362 igitur
708 1278 870 1361 proiectus
886 1278 1000 1344 eadem
1025 1278 1144 1364 dupliei
1166 1279 1404 1345 assimulatione

283 1401 376 1443 -αοι-
397 1380 513 1443 mutari
541 1379 575 1442 in
603 1399 687 1460 -οῳ-
716 1371 867 1460 (dodorus
889 1375 923 1440 in
951 1371 1092 1462 ὁρόῳτε)
1127 1377 1300 1443 existimat.
1345 1373 1403 1442 Sed

283 1496 348 1558 qua
368 1476 490 1541 vooalis
511 1499 533 1538 α
554 1475 588 1538 vi
610 1472 773 1555 estimatur,
796 1481 831 1539 ut
853 1498 887 1538 οι
908 1475 943 1538 in
966 1499 991 1558 ῳ
1014 1481 1162 1554 mutetur,
1194 1494 1255 1557 ego
1279 1494 1404 1558 prorsus

284 1593 350 1638 non
372 1573 536 1655 intellego.
580 1571 694 1653 Neque
723 1571 826 1654 magis
849 1572 890 1637 de
913 1591 951 1637 eo
973 1575 1154 1638 consentire
1182 1593 1318 1656 possum
1339 1591 1403 1638 eum

284 1672 352 1735 viro
375 1669 573 1750 doctissimo,
608 1667 693 1750 quod
716 1691 734 1731 o
757 1688 797 1733 ea
826 1669 867 1734 de
897 1688 994 1734 eausa
1021 1671 1090 1734 vult
1111 1672 1146 1735 in
1169 1693 1195 1734 ω
1217 1670 1403 1754 productam

285 1787 371 1850 esse,
405 1767 479 1850 quia
501 1791 522 1830 α
544 1768 618 1830 ino
648 1765 816 1831 debilitata
845 1767 943 1832 etiam
971 1767 1160 1848 quantitatis
1185 1767 1313 1850 aliquid
1335 1768 1404 1832 ami·

284 1867 388 1933 sisset.
433 1866 517 1931 Num
541 1865 637 1930 etiam
660 1864 748 1928 v'oois
771 1861 967 1950 ἡβώωντες,
1000 1871 1035 1928 ut
1063 1866 1121 1930 ille
1142 1865 1239 1930 soribi
1261 1867 1351 1946 vult,
1381 1889 1403 1928 o

283 1967 371 2050 prior
392 1967 545 2033 minorem
567 1966 667 2031 babet
688 1966 899 2047 quantitatem
921 1985 1017 2047 quam
1040 1967 1117 2032 d'in
1139 1951 1348 2033 rrsrvdoora‘?

368 2065 429 2130 Hio
456 2083 588 2129 monere
610 2069 661 2128 sat
690 2069 754 2140 est,
784 2063 1015 2128 Ktbnerum
1043 2084 1090 2146 gr.
1120 2085 1168 2148 gr.
1190 2064 1216 2146 I,
1241 2069 1304 2128 601
1331 2085 1403 2147 sqq,

283 2181 476 2244 quamquam
498 2163 532 2226 in
547 2162 730 2226 universum
745 2160 996 2227 assimulationis
1010 2181 1128 2242 nomeu
1148 2155 1294 2246 resipiat,
1320 2183 1405 2246 quas-

283 2260 358 2326 dam
373 2259 414 2326 de
428 2259 587 2324 vocalium
603 2257 781 2342 quantitate
796 2259 925 2340 regulas
936 2259 1078 2342 proferre
1087 2279 1200 2342 parum
1211 2261 1403 2344 probabiles.

367 2357 441 2423 Jam
463 2355 618 2436 vidimus,
644 2358 782 2439 positam
805 2375 876 2422 esse
899 2355 1119 2422 dilfioultatem
1141 2358 1175 2422 in
1196 2357 1404 2441 produotione
1476 2427 1477 2430 Ἴ

282 2455 482 2540 potissimum
505 2455 558 2519 vel
580 2453 696 2536 prioris
718 2456 771 2520 vol
793 2455 980 2538 posterioris
1001 2455 1123 2520 vooalis
1144 2475 1281 2537 eamque
1305 2475 1404 2538 neque

282 2555 319 2620 L.
347 2555 511 2637 Meyerum
545 2569 650 2633 neque
679 2553 888 2618 Dietriehium
924 2553 1002 2618 satis
1021 2553 1122 2619 bene
1158 2553 1332 2620 sustulisse
1364 2555 1404 2619 eis

283 2653 396 2735 quibus
431 2649 480 2716 usi
516 2655 590 2714 sunt
626 2649 813 2714 rationibus
857 2651 984 2732 Novam
1014 2669 1091 2715 vero
1119 2651 1276 2715 rationem
1312 2659 1403 2734 atque

282 2756 379 2815 antea
401 2748 442 2812 ab
465 2747 613 2812 omnibus
635 2748 814 2829 neglectam
822 2747 845 2828 ⁶)
867 2747 974 2811 attulit
991 2745 1154 2812 Curtius
1177 2747 1220 2812 ad
1241 2749 1403 2816 illustran-

283 2847 357 2912 dam
381 2845 532 2912 dieotasis
546 2850 694 2909 naturam
717 2843 908 2926 „Erlaut.“²
927 2849 995 2909 too.
1018 2844 1155 2926 ,‚Stud.“
1169 2845 1232 2927 ΙΙΙ,
1256 2849 1322 2914 398
1339 2866 1402 2928 sqq.

282 2944 458 3009 Verborum
488 2942 628 3008 enimin
650 2965 734 3020 -αω,
763 2965 843 3020 -εω,
872 2965 937 3005 -οω
961 2961 1032 3006 oum
1054 2943 1172 3008 lormas
1194 2943 1352 3026 pristinas
1372 2946 1400 3008 in

280 3041 392 3125 -ojdmi
433 3039 550 3106 exiisse
594 3040 735 3104 omnium
770 3041 951 3122 linguarum
987 3047 1195 3122 cognatarum
1236 3040 1402 3114 doceretur
1474 3065 1475 3080 .

280 3138 389 3205 formis
410 3135 695 3221 respondentibus,
725 3136 865 3203 Graeoos
894 3157 1019 3219 quoque
1047 3136 1209 3219 quondam
1235 3157 1314 3204 usos
1337 3157 1402 3205 esse
1474 3145 1475 3154 ’

349 3389 370 3452 ⁵)
401 3385 502 3439 Merito
527 3383 657 3452 reprobat
682 3383 783 3438 Leonis
809 3383 913 3453 Meyeri
938 3385 1098 3439 sententiam
1123 3385 1194 3439 hano
1221 3399 1281 3440 esse
1308 3385 1399 3439 seriem

279 3468 427 3523 formarum
444 3460 510 3519 rati:
538 3461 685 3534 *ὃραονσι,
706 3461 856 3532 *ὁροονσι,
884 3462 987 3534 ὁρόωσι
1004 3471 1031 3519 et
1047 3461 1211 3535 *dprzovrja
1238 3462 1396 3534 *ὃροιιινῃά1

280 3545 432 3618 *ὃροονσα,
449 3543 567 3615 ὁρόωσα,
603 3545 761 3600 Homericae
779 3545 849 3598 enim
866 3545 970 3600 formae
988 3545 1152 3611 ναιετάουσι,
1175 3541 1341 3598 ἂοιδιάουσα
1358 3546 1419 3599 de·¹

280 3632 432 3682 monstrant
453 3643 527 3678 -orrr
545 3631 571 3680 st
589 3627 683 3693 -ovzja
705 3631 763 3680 tum
781 3630 886 3680 mutata
902 3625 986 3680 fuisse
1003 3624 1032 3678 in
1052 3643 1127 3678 -ovor
1144 3631 1171 3679 et
1187 3641 1285 3692 -ooou,
1305 3641 1397 3681 cuma

281 3709 360 3762 etiam
377 3708 481 3775 integra
498 3706 672 3760 servabatur.¹

350 3789 369 3850 ⁶)
396 3787 472 3841 Unus
491 3786 639 3840 Sonuius
657 3787 673 3839 1.
693 3803 716 3841 o.
735 3792 783 3839 415
808 3787 866 3855 J‘am
890 3791 952 3840 ante
976 3787 1099 3840 Curtium
1122 3785 1271 3840 formarum
1295 3785 1396 3854 quidem

279 3870 443 3936 integrarum
456 3872 502 3930 lut
518 3865 639 3920 πεινάων
655 3865 780 3936 porprisa
806 3867 913 3934 longam
930 3868 1049 3922 vocalem
1066 3866 1193 3934 spirantis
1205 3868 1225 3933 j
1234 3868 1266 3920 ui
1283 3867 1396 3935 produc·

280 3955 413 4004 tamesae
435 3946 580 4015 intellexit3
611 3962 691 4016 quam
717 3947 844 4016 spirantis
870 3949 925 4001 vim
944 3947 1003 4016 jam
1019 3946 1167 4000 Ebelius
1185 3945 1218 4000 Κ.
1235 3947 1265 4000 Ζ.
1284 3947 1329 4014 IV,
1350 3949 1391 4000 til

281 4029 395 4098 agnovit,
414 4027 461 4083 sed
479 4027 512 4082 de
530 4029 673 4083 verborum
691 4031 892 4082 contractorum
909 4028 1003 4084 formis
1021 4027 1090 4082 nihil
1105 4026 1194 4082 edixit.
