2958 4868
343 431 385 486 De
402 431 534 488 vocalium
551 445 707 501 mascarum
724 430 904 502 hyphaeresi.·
1120 429 1177 492 121

65 603 253 671 carminibus
274 603 391 686 legitur
412 610 445 670 et
466 604 526 670 hoe
548 602 642 668 modo
671 601 788 687 optime
812 601 1003 685 explicatur,
1033 595 1181 690 cipi-wo,-

65 699 228 787 *dpcj-uc,
252 694 366 787 ἡμέας.
404 701 541 768 Dativus
556 721 648 768 casus
664 708 695 767 et
712 720 753 767 ex
775 701 892 776 ormo-i,
916 699 1178 783 *acmo-i-btjom‚

66 795 268 886 *ἡμε-ι-φιν,
292 792 371 884 ἡμῖν
399 831 440 844 --
463 806 494 866 et
523 817 563 866 ex
588 819 688 874 osma,
719 797 964 882 *asma-atsaiw,
988 796 1179 888 *ἦμθ-φινι

66 891 225 984 *ripa-prr
240 927 281 948 ===
297 892 442 981 *σφέ-σι
458 919 465 962 :
483 900 591 982 σφίσι,
614 890 694 981 ἡμῖν
717 931 758 942 -
781 893 942 962 derivatus
964 917 1035 964 esse
1057 905 1177 986 potest;

66 1014 99 1060 ex
119 989 218 1082 ἡμῖν,
246 993 266 1055 ῖ
287 1000 446 1077 correpta,
470 1000 540 1059 orta
562 999 610 1060 θεῖ
631 993 732 1058 forma
754 992 900 1058 enclitioa
923 981 1012 1080 ἧμιν.

143 1109 257 1176 Altera
277 1108 383 1191 stirps,
406 1126 504 1192 aqua
519 1107 640 1173 formae
662 1105 790 1172 doricae
813 1113 844 1172 et
865 1108 1009 1174 aeolicae
1033 1110 1180 1184 derivan-¹

65 1213 115 1288 tur,
142 1212 193 1273 est
214 1210 339 1282 *osma
363 1203 497 1288 *josma
520 1223 611 1287 quae,
634 1209 669 1270 ut
687 1203 756 1287 jam
780 1203 1019 1289 explicavimus,
1043 1208 1075 1272 in
1102 1205 1176 1291 ἁμέ,

65 1298 134 1385 ὑμέ,
170 1299 274 1386 ἄμμε,
307 1297 392 1384 ὔμμε
416 1309 544 1368 servata
566 1307 622 1368 est.
666 1301 717 1366 Ab
746 1301 806 1366 hoo
829 1307 938 1366 *ormo
961 1305 1177 1372 nominativus

65 1400 173 1468 ductus
196 1407 244 1468 θεῖ
266 1423 283 1476 ς
305 1399 476 1482 singularis
504 1399 692 1466 nominativi
720 1398 945 1466 terminatione
972 1401 1093 1468 addita.
1137 1404 1179 1470 At

66 1518 119 1580 quo
149 1496 246 1564 modo
275 1495 342 1562 fieri
370 1497 487 1579 potuit,
524 1504 558 1562 ut
592 1495 771 1563 terminatio
800 1496 897 1562 ullius
931 1518 1022 1566 casus
1055 1501 1178 1569 numeri

65 1595 231 1680 singularis
262 1593 296 1659 in
327 1594 462 1678 pluralis
495 1595 622 1660 casibus
654 1592 829 1662 formandis
861 1597 1097 1664 assumeretur?
1140 1599 1179 1664 In

66 1693 248 1776 pronomine
263 1695 361 1769 *rma
384 1698 418 1756 ut
434 1691 525 1776 Bopp
540 1691 647 1774 (‚,Vgl.
664 1691 816 1772 G1·.“³ll‚
837 1692 909 1778 111)
931 1696 1087 1777 exposuit,
1107 1696 1177 1779 jam

66 1789 193 1875 pluralis
205 1787 437 1872 quodammodo
450 1809 620 1872 expressus
632 1797 716 1874 erat;
732 1789 817 1856 idem
830 1789 897 1856 iere
909 1792 1178 1878 vultSohleioher‚

66 1907 128 1952 oum
153 1887 240 1952 dicat
268 1884 412 1970 leemps
435 1891 525 1961 osor:
567 1885 638 1970 „Ob
666 1908 709 1953 an
740 1887 808 1954 dise
829 1887 893 1970 idg.
924 1890 1178 1972 plural-stamme

68 1983 112 2051 die
139 1983 363 2069 gevvdnlichen
384 1983 589 2051 casussuifixe
612 1985 669 2052 des
691 1985 829 2068 plurals,
854 1983 931 2050 oder·
955 1986 1008 2053 die
1030 1987 1087 2054 der
1109 2009 1179 2072 pro-

66 2081 246 2148 nominalan
270 2080 473 2160 deminution,
499 2082 576 2148 odor
598 2082 650 2148 die
666 2082 723 2148 des
738 2082 898 2165 singulars
920 2091 1077 2168 antraten,
1102 2087 1179 2153 letz-

67 2187 142 2247 teres
179 2177 289 2244 indam
318 2179 387 2245 der
417 2179 552 2262 plural
581 2181 704 2245 sehon
732 2181 770 2246 in
798 2181 866 2248 der
899 2181 1178 2270 stambilduug

67 2298 152 2344 aues
180 2269 380 2358 gedrdckt
407 2277 491 2359 lag,
521 2277 600 2342 lasst
628 2277 695 2343 sich
718 2279 803 2344 wohl
826 2278 914 2343 nicht
937 2279 1177 2348 entscheiden.“

67 2376 113 2440 Ad
126 2373 357 2439 nominativum
379 2373 475 2456 igitur
497 2373 740 2456 significandum
757 2397 822 2441 non
837 2376 941 2441 solum
959 2401 975 2452 ς
991 2375 1176 2461 sufficiebat,

68 2473 119 2540 sed
142 2473 237 2540 etiam
259 2490 301 2536 ne
324 2469 541 2555 exspectanda
559 2472 686 2554 quidem
703 2479 751 2538 θεῖ
773 2472 953 2538 terminatio
976 2475 1110 2556 pluralis
1126 2500 1177 2562 ες;

67 2579 128 2636 tum
142 2571 175 2635 in
190 2569 254 2635 skt.
271 2568 377 2640 onorat,
395 2567 595 2652 csrndblrjam,
612 2569 763 2654 joclrmdt,
780 2568 1015 2654 jasdmdbhjom
1030 2573 1178 2639 termina-

68 2668 163 2734 tiones
199 2665 371 2748 singularis
404 2667 526 2731 numeri
556 2666 721 2732 adhibitae
754 2673 827 2731 sunt
863 2666 905 2731 ad
937 2666 1112 2733 ablativum
1147 2677 1179 2736 et

70 2765 204 2831 dativum
236 2783 328 2829 casus
360 2762 553 2828 formandos.
599 2763 641 2828 Ut
672 2770 779 2828 autem
812 2764 845 2828 in
879 2763 990 2845 lingua
1022 2767 1179 2836 sanserita

70 2861 301 2928 terminationes
323 2860 500 2942 singularis
518 2881 588 2926 oum
611 2861 745 2944 pluralis
768 2862 938 2944 alternant,
960 2861 1006 2925 ita
1028 2862 1124 2928 etiam
1145 2866 1179 2932 in

69 2960 171 3042 lingua
198 2977 314 3042 graeca
342 2957 531 3022 nominativi
560 2959 693 3041 pluralis
722 2958 903 3025 terminatio
926 2964 974 3024 θεῖ
997 2981 1029 3034 ς;
1067 2955 1177 3042 ἁμέ-ς,

71 3053 203 3138 ἄμμε-ς,
232 3055 373 3138 genetivi
396 3078 456 3119 coo:
492 3051 630 3137 ἁμέ-ων,
654 3053 824 3138 rippas-cm
853 3075 1014 3138 nunquam
1038 3058 1121 3122 enim
1145 3067 1179 3125 ut

71 3154 102 3218 in
128 3154 261 3220 dialecto
294 3153 399 3218 ionica
428 3155 628 3236 reperiuntur
657 3149 808 3237 *ἁμείων
838 3155 892 3219 vel
915 3149 1089 3235 *ἄμμἐῖων
1119 3163 1177 3227 cet.

72 3289 172 3355 Dativi
194 3260 286 3371 sipla,
308 3259 395 3370 iptio,
418 3285 555 3370 dppzp),
583 3285 710 3372 r'ippttv)
734 3311 774 3357 ex
789 3285 927 3372 *ἆμε-ιν
944 3296 1001 3354 θθῖ.
1021 3292 1079 3357 orti
1095 3299 1177 3375 sunt,

74 3388 175 3453 relisa
195 3395 275 3473 ante,
287 3410 308 3467 ι,
331 3394 366 3451 ut
388 3404 486 3468 saepe
508 3387 542 3453 fit
564 3388 597 3452 in
620 3388 784 3452 nominum
807 3388 995 3454 formatione
1022 3385 1073 3472 (oi.
1098 3386 1178 3473 κρά-

75 3495 154 3562 νῑνθς
174 3507 231 3570 pro
255 3489 438 3567 κρανέῖνος,
465 3479 597 3561 duviaco
620 3506 677 3568 pro
702 3482 855 3562 ὀστέϊνος
878 3485 962 3569 cet).

149 3634 349 3700 Pronominis
371 3633 484 3700 tertiae
506 3653 663 3717 personae
685 3633 780 3716 stirps
801 3659 812 3698 ι
834 3633 937 3704 vocali
960 3639 1053 3698 aucta
1076 3633 1179 3699 estin

77 3727 212 3796 universa
233 3731 345 3814 lingua
366 3735 491 3814 graeca,
515 3752 590 3796 nam
613 3730 697 3796 etin
721 3731 857 3797 dialecto
878 3731 983 3796 ionica
999 3731 1078 3796 etin
1101 3730 1179 3796 dial.

78 3821 134 3889 dor.
157 3834 187 3893 θῖ
208 3830 289 3894 aeol.
313 3829 468 3896 habemus
491 3840 600 3915 σφεῖς,
626 3833 753 3914 σφείων
779 3829 828 3908 (ci.
852 3829 1000 3913 Apollon.
1025 3827 1065 3894 de
1087 3849 1177 3912 pron.

81 3923 129 3986 no
145 3921 167 3988 O
182 3932 213 3991 et
230 3929 288 3990 122
306 3925 352 4009 O),
376 3945 458 4009 quae
469 3925 678 4011 awos-jag
693 3945 750 4008 pro
767 3928 915 3988 *eoo-i-os
929 3932 988 3992 oet.
1005 3931 1075 3992 orta
1090 3933 1178 4010 sunt3

79 4019 178 4086 eadem
200 4022 322 4090 retiam
344 4023 379 4088 in
401 4023 581 4089 accusativo
606 4033 728 4112 σφεῑας
752 4027 845 4090 ν2-13
869 4031 996 4090 servata
1011 4029 1068 4092 est.
1105 4025 1178 4090 Non
