2972 4868
270 435 332 500 292
757 435 896 492 Fritzsche

270 635 392 697 καρ-ον
428 614 520 698 sing„
558 612 644 696 quod
680 631 838 676 εονοονουι
874 609 1034 694 significat
1068 609 1155 694 apud
1191 613 1386 697 Sophronam

271 708 408 794 (Phot.);
431 731 496 776 non
511 717 619 776 autem
634 707 778 796 χορχύρη
802 709 887 792 quod
909 709 1031 775 confert
1045 709 1110 776 Leo
1126 711 1237 796 Meyer
1252 710 1386 776 Gramm.
1472 767 1473 780 ,

271 807 296 888 Ι,
321 811 392 873 418.
415 845 457 854 -
480 813 693 892 καρ-καρ-ίς·
717 805 822 888 ξύλων
846 801 867 893 ἢ
889 805 1069 895 φρυγάνων
1085 813 1238 894 φορτίον.
1261 802 1385 894 ἢόεινὴ

271 903 314 988 (1.
332 904 454 992 δέσμη)
477 906 552 971 Hes.
582 904 686 989 (ligna
708 902 822 988 όνναέ)
866 905 1021 988 Ejusdem
1043 904 1081 970 R.
1104 914 1154 972 est
1175 925 1207 987 q.
1229 925 1296 988 seq.
1363 955 1365 962 -
1472 951 1473 990 3

356 1002 630 1088 κάρ-χαρ-ος,
656 1022 760 1086 asper,
784 1009 906 1088 acutus,
928 1003 1014 1068 idem
1036 1010 1085 1068 001
1106 1003 1192 1086 quod
1214 1001 1388 1087 κάρκαρος.
1472 1001 1473 1066 l

270 1099 342 1180 Qua
356 1100 392 1166 in
406 1121 441 1167 re
455 1102 488 1166 ni
503 1103 653 1178 fallimur,
675 1100 778 1166 forma
791 1101 1006 1166 testimonium
1022 1107 1072 1167 est
1091 1102 1256 1184 aspiratae
1271 1121 1290 1167 e
1306 1107 1391 1166 muta

271 1189 1392 1284 0110ομ10000111011011110(κόρκοροςκόρχορος10110),00]’001010110110

270 1295 327 1378 pla
338 1295 500 1362 desiderat
515 1295 566 1361 CA
580 1300 640 1360 491
656 1315 725 1378 sqq.
755 1294 821 1360 Sed
836 1295 963 1362 luerunt
978 1296 1031 1380 qui
1046 1297 1285 1380 suspicarentur
1299 1298 1391 1380 hujus

270 1393 359 1460 vocis
372 1394 510 1460 eandem
525 1392 665 1459 radicem
681 1412 753 1458 esse
767 1412 806 1456 ac
820 1393 909 1458 verbi
923 1391 1085 1476 χαράοσω
1101 1394 1204 1470 (Beni.
1211 1395 1262 1460 W.
1273 1396 1299 1476 1,
1309 1393 1390 1476 203).

271 1489 359 1570 Quos
380 1490 515 1574 adjuvat
537 1490 623 1574 quod
637 1488 803 1572 κάρχαρος
819 1497 852 1556 01
866 1510 948 1572 quae
962 1491 1039 1558 inde
1060 1499 1277 1558 manaverrmt
1298 1510 1391 1576 saepe

270 1594 398 1652 acutum
414 1587 604 1671 significant,
623 1587 700 1670 quin
714 1588 911 1654 mordacem:
935 1593 1154 1674 καρ-χαρ-ίας
1169 1589 1267 1672 piscis
1282 1610 1390 1673 rapax,

271 1682 473 1769 κάρ-χαρ-ος
496 1683 606 1772 ῥήτωρ
634 1686 769 1752 mordax
797 1693 919 1769 oraton
952 1683 1065 1773 ἅρπην
1093 1685 1225 1772 μακρὴν
1256 1687 1392 1754 efficiunt

272 1782 526 1879 καρχαρόδοντα
555 1783 645 1867 (Hes.
668 1785 775 1866 thecg.
801 1781 874 1865 180)
905 1803 943 1848 eo
965 1778 1050 1865 quod
1071 1783 1157 1850 idem
1179 1784 1259 1850 dicit
1281 1783 1340 1870 Op.
1363 1793 1392 1850 et

274 1878 344 1946 dies
366 1884 427 1946 573
458 1877 570 1964 ἅρπας
590 1887 850 1964 χαρασσέμεναι.
895 1882 938 1946 At
961 1881 1024 1946 (100
1046 1888 1121 1948 sunt
1142 1901 1226 1964 quae
1249 1883 1391 1948 obstant:

274 1976 360 2063 δίψῃ
385 1978 599 2062 καρ-χαλ-ἐοι
621 1977 669 2061 (c)
692 1977 768 2060 541)
793 1979 846 2044 siti
867 1979 991 2062 asperi,
1023 1980 1214 2044 vocabulum
1243 1981 1305 2045 hoc
1326 1982 1391 2048 solo

273 2075 405 2142 Homeri
442 2077 513 2140 loco
552 2077 705 2160 positum,
748 2075 879 2159 saepius
902 2081 1022 2142 ¹autem
1062 2075 1148 2158 apud
1184 2079 1392 2160 posteriorum

272 2179 452 2256 temporum
488 2182 600 2257 poetas
636 2181 796 2256 repertum
825 2173 937 2238 eadem
966 2194 1004 2238 ac
1032 2171 1200 2258 κάρχαρος
1236 2181 1391 2258 potestate

274 2268 550 2354 (0111·καρχάρεος
577 2292 607 2338 v.
630 2272 651 2335 1.
676 2269 796 2353 01101);
834 2268 1003 2354 κάρκαρος
1031 2272 1127 2353 igitur
1154 2279 1187 2336 et
1213 2274 1390 2356 καρχαλέος

231 2393 234 2403 ·
273 2367 520 2450 significatione,
544 2365 709 2452 κάρχαρος
732 2376 764 2434 01
792 2368 976 2451 καρχαλέος
997 2369 1100 2434 1011110
1119 2371 1204 2434 inter
1225 2390 1261 2434 se
1284 2371 1390 2438 cohae-
1445 2413 1447 2418 ·

272 2474 354 2532 rent.
398 2467 542 2532 Alterum
566 2475 617 2532 est
639 2467 724 2550 quod
746 2467 835 2532 verbi
860 2464 1021 2550 χαράσσιο
1043 2467 1151 2546 radix,
1186 2487 1282 2548 quam
1305 2468 1390 2533 Beni.

273 2588 335 2646 χαρ
365 2583 437 2629 esse
465 2563 582 2644 voluit,
619 2565 751 2628 minime
779 2571 870 2630 eruta
898 2571 961 2642 cst3
999 2563 1038 2628 cf.
1065 2562 1226 2646 ταράσσον
1254 2567 1292 2630 R.
1314 2589 1390 2646 τροχ

275 2659 416 2746 (ταραχή
445 2659 590 2743 θράσσω
616 2661 783 2748 τέτρηχα),
827 2661 934 2740 Quare
964 2661 1092 2726 videtur
1118 2669 1283 2746 praestare
1311 2663 1390 2746 prior

275 2760 443 2840 sententia,
467 2779 538 2822 cum
560 2760 654 2824 facile
668 2761 867 2841 intelligatur
881 2761 935 2841 qui
951 2761 1036 2822 οοοτν·
1055 2760 1104 2826 vis
1127 2779 1146 2824 e
1168 2759 1240 2822 άυνι·
1261 2759 1386 2825 notione

275 2863 345 2922 orta
377 2857 432 2921 sit:
469 2855 649 2941 κάρχαροι·
667 2861 670 2866 '
688 2855 721 2921 ol
754 2856 889 2938 ἐσχατυι
922 2853 1074 2933 ὀδόντες,
1107 2868 1242 2941 τραχεῖς
1277 2881 1312 2923 τε
1339 2858 1390 2922 καὶ

267 2950 366 3034 ὀξεῖς
387 2954 463 3019 Hes.

361 3056 635 3134 καρ-καίρειν
658 3072 721 3116 000
744 3058 867 3117 tantum
891 3051 1003 3118 Iliadis
1025 3052 1095 3116 1000
1116 3052 1244 3134 legitur,
1271 3059 1300 3118 Y
1320 3055 1388 3118 157:

275 3147 434 3234 κάρκαιρε
469 3147 505 3214 dd
539 3159 618 3232 χαῖα
650 3146 796 3214 πόδεσσι
826 3146 1015 3232 ὀρνυμένων
1044 3145 1175 3232 άμοόις.
1220 3151 1272 3216 De
1306 3150 1388 3234 cujus

274 3249 366 3314 verbi
387 3248 419 3314 vi
443 3246 589 3310 dubitant
609 3246 746 3312 scholi:
780 3245 1008 3331 ἐκροιόαίνετοτ
1038 3244 1179 3312 ἐσείετο.
1203 3245 1340 3335 ἐψόφει,
1361 3251 1387 3310 01

275 3347 369 3412 Hes:
407 3342 584 3427 κάρκαιρε’
623 3341 748 3426 ἰδίωμα
777 3340 868 3431 ἤχου.
912 3347 1104 3428 καρκαίρει·
1140 3356 1261 3432 ψοφεῖ.
1299 3341 1386 3426 ἐκάρ-

276 3463 410 3528 καιρον·
434 3439 551 3528 ψόφον
574 3439 648 3506 τινά
671 3437 866 3522 ἀπετέλουν,
889 3441 947 3508 sed
969 3438 1182 3524 ἐκάρκαιρεν·
1212 3440 1384 3528 ἐπλήθυεν,

276 3545 340 3625 qua
367 3541 476 3622 glossa
504 3539 647 3604 licuisset
674 3540 838 3606 checkio
867 3538 1085 3625 (a1.1‚174)
1118 3539 1176 3605 niti
1204 3543 1384 3624 μαρμαίρειν

154 3685 156 3696 ,
277 3637 449 3706 conferent
475 3635 629 3721 (necnon
644 3637 789 3720 ejusdem
804 3639 912 3720 glossa
928 3633 1040 3720 κυρκώ
1055 3633 1158 3717 λάμια
1181 3635 1258 3719 (iq.
1273 3629 1383 3720 χορχώ)

278 3737 424 3818 quamvis
452 3733 540 3799 haud
568 3736 702 3800 multum
737 3735 892 3800 efficiatur
920 3733 1135 3818 Hesychianis
1162 3731 1206 3798 ad
1241 3728 1382 3816 ejusmodi

277 3852 490 3898 consonarum
505 3831 759 3898 vicissitudinem
782 3830 1008 3916 probandam).
1048 3830 1183 3895 Videtur
1202 3837 1308 3896 autem
1328 3845 1381 3893 rem

278 3930 431 4014 expedire
459 3930 530 4012 ipse
557 3929 753 4014 Hesychius:
791 3929 957 4013 κάρ-αμος
986 3928 1077 4014 1-χος
1099 3926 1200 4012 cod.)·
1230 3923 1248 3992 ὁ
1276 3921 1381 4010 τραχὺς

278 4025 413 4116 ψόφος,
448 4023 519 4090 οἷον
552 4024 703 4110 πριόνων
736 4027 787 4106 (cl.
815 4023 986 4112 ναρναρής
1014 4056 1056 4076 ==
1084 4022 1276 4109 γάρ-σβυς),
1309 4017 1380 4086 unda
