2958 4868
457 447 498 502 De
516 447 629 502 diaetaai
645 445 788 502 homerica.
1124 441 1184 504 167

79 623 224 692 Aeholioh
251 621 333 688 anob
361 620 414 686 bei
443 619 500 686 der
522 619 708 686 Metathesis
737 618 795 684 der
817 616 1015 698 Quantitdt.“
1058 619 1129 699 Qua
1150 619 1185 684 in

78 720 288 805 explicatione,
311 717 417 801 quoad
432 717 560 799 quidem
576 717 618 783 de
632 717 782 784 consonis
803 717 919 800 agitur,
940 715 1082 782 Curtium
1097 736 1186 784 seeu-

77 825 121 884 tus
133 816 382 900 Siegismundus,
401 814 442 881 de
453 815 582 882 metatb.
596 835 643 898 gr.
657 813 792 897 „Stud.“
806 815 843 896 V,
855 819 914 880 126
932 815 1015 882 bene
1024 815 1186 880 intellexit

78 916 249 999 disertoque
269 913 488 995 adumbravit,
521 914 655 978 multum
684 912 871 996 plerumque
892 914 1003 979 valere
1024 913 1068 978 ad
1094 912 1185 978 illam

77 1013 348 1097 transpositionem
370 1010 524 1094 loquendi
539 1010 700 1092 quandam
722 1009 919 1076 eeleritatem
940 1016 1038 1094 atque
1058 1009 1208 1076 destina·-

56 1112 193 1188 ‚tionem
231 1110 281 1176 Ab
302 1111 363 1175 hae
385 1128 461 1175 vero
484 1127 695 1174 eonsonarnm
717 1107 965 1191 transpositione
986 1106 1189 1191 segreganda

77 1229 139 1276 esse
159 1208 238 1274 mibi
260 1208 386 1274 videtur
407 1206 592 1290 quantitatis
614 1205 820 1287 transpositio
839 1225 941 1288 eaque
962 1206 1072 1289 paullo
1093 1205 1189 1272 aliter

10 1383 11 1386 Ἴ
77 1305 283 1391 explananda.
327 1305 411 1370 Nam
433 1303 460 1370 si
482 1322 517 1368 re
538 1321 616 1368 vora
633 1326 674 1388 qo
689 1301 721 1392 in
744 1327 799 1384 εω,
825 1304 914 1390 qoin
929 1313 1020 1370 adea
1035 1303 1076 1370 de
1091 1323 1188 1370 eausa
1211 1321 1214 1330 ’

10 1459 12 1484 ÷
76 1405 206 1486 abirent,
237 1402 312 1486 quia
339 1398 485 1484 ejusqui
507 1400 647 1483 loquitur
667 1401 766 1466 menti
788 1401 884 1466 totius
905 1401 1054 1467 vooabuli
1081 1402 1188 1485 imago

10 1545 12 1550 -
76 1501 115 1568 ita
142 1509 228 1570 esset
256 1500 429 1584 impressa,
466 1504 500 1564 ut
528 1505 559 1564 et
585 1499 716 1580 longam
745 1505 777 1564 et
799 1500 928 1565 brevem
950 1501 1096 1566 rooalem
1117 1521 1189 1584 pro·

10 1625 12 1682 j
78 1598 282 1666 nuntiandam
304 1615 375 1662 esse
396 1595 538 1676 sentiret,
561 1594 619 1662 sed
640 1595 846 1663 testinatione
868 1596 1007 1678 quadam
1029 1617 1085 1664 eas
1106 1597 1190 1663 inter

76 1717 105 1764 se
125 1701 348 1764 commutaret:
380 1714 445 1760 non
467 1693 718 1775 intellegeretur,
741 1712 846 1776 neque
868 1713 923 1760 our
946 1717 990 1760 εω
1013 1695 1047 1760 in
1069 1719 1120 1782 qo,
1152 1699 1192 1760 adr
1269 1751 1271 1758 .

75 1796 103 1860 in
124 1794 183 1882 qd,
221 1817 267 1862 ota
288 1791 322 1856 in
345 1815 402 1868 oro,
433 1791 485 1864 ἄᾶ,
505 1791 538 1854 in
561 1790 605 1854 ee
627 1809 792 1872 nunquam
814 1792 1071 1878 mutarentur¹⁵),
1109 1792 1191 1860 sieut
1239 1859 1246 1874 ,

77 1912 100 1958 e.
114 1913 142 1976 g.
165 1896 274 1977 κρέκω
298 1888 411 1954 dieitur
432 1909 490 1971 pro
505 1892 624 1972 κέρκω,
648 1911 685 1974 ep
700 1888 734 1954 in
750 1913 787 1973 ps
803 1891 1006 1974 transpositis
1029 1891 1190 1974 (Siegism.

10 2071 12 2075 v
76 2010 101 2070 p.
119 1994 201 2071 145),
226 2005 331 2069 neque
353 2006 408 2051 eur
429 1984 595 2068 produetio
617 1986 737 2052 voealis
759 2007 780 2052 a
800 1989 929 2072 syllaba
951 1989 1090 2071 quadam
1112 2009 1192 2054 nun-

10 2171 12 2174 ,
76 2107 162 2168 quam
192 2084 238 2150 ad
266 2082 511 2150 anteoedentem
539 2083 590 2148 vel
615 2090 800 2166 sequentem
823 2086 984 2169 syllabam
1005 2085 1192 2151 transferre·

76 2181 171 2268 turm),
195 2182 277 2248 sieut
301 2180 424 2266 ὁρίφος
447 2179 561 2244 dieitur
582 2201 640 2262 pro
664 2179 797 2268 δίφρος,
821 2206 839 2268 ρ
862 2183 903 2248 ab
927 2185 1029 2250 altera
1051 2184 1084 2247 in
1106 2183 1191 2267 prio·

11 2331 12 2336 ι
75 2301 135 2348 rem
163 2280 325 2366 syllabam
346 2279 503 2342 translata
531 2277 689 2360 (Siegism.
713 2300 743 2362 p.
771 2281 852 2354 127).
896 2280 1018 2359 Quibus
1039 2280 1191 2361 adducor,

76 2386 106 2444 nt
135 2379 233 2444 aliam
267 2395 338 2442 esse
371 2375 558 2458 quantitatis
591 2376 848 2460 transpositionis
880 2398 1010 2444 oausam
1047 2397 1085 2444 ao
1121 2397 1194 2444 eon·

11 2531 12 2534 ,
76 2495 221 2542 sonarum
244 2473 433 2540 existimem.
478 2471 611 2538 Constat
644 2475 749 2556 legem
782 2474 871 2540 illam
900 2476 1032 2559 linguae
1060 2475 1191 2554 latinae,

10 2560 12 2586 ⁷
77 2592 133 2654 qua
154 2571 277 2639 voealis
299 2577 375 2638 ante
397 2572 541 2638 vocalem
570 2571 772 2654 corripiatur,
807 2572 903 2636 etiam
926 2592 946 2636 a
969 2573 1100 2638 Graeois
1128 2591 1193 2636 non

10 2745 11 2750 ἵ
77 2689 142 2736 esse
163 2670 315 2735 alienam.
361 2669 401 2732 at
423 2669 456 2733 in
479 2688 634 2734 oonoursu
656 2668 784 2751 quidem
812 2669 948 2734 duorum
967 2669 1193 2735 vocabulorum

77 2768 126 2832 lex
147 2769 206 2832 illa
228 2765 310 2849 regit
332 2771 364 2830 et
386 2765 575 2832 dominatur.
619 2767 670 2831 Ex
693 2786 730 2832 eo
754 2766 854 2849 enim,
888 2766 973 2850 quod
993 2768 1028 2832 in
1051 2767 1194 2831 oratione

77 2866 213 2931 numeris
235 2863 365 2928 astrieta
387 2864 508 2930 vooalis
530 2863 635 2929 finalis
657 2869 733 2929 ante
753 2865 897 2930 vooalem
919 2865 1007 2930 vonis
1028 2864 1195 2948 proximae

78 2963 241 3046 corripitur
262 2961 384 3043 (itaque
406 2961 511 3028 hiatus
532 2962 677 3045 lenitur-l,
712 2961 927 3044 colligendum
951 2969 1013 3045 est,
1042 2961 1138 3028 etiam
1161 2962 1194 3026 in

79 3059 215 3141 pedestri
252 3077 398 3124 sermone
432 3059 546 3126 eadem
578 3061 701 3125 ratione
734 3066 913 3143 correptam
947 3079 1018 3126 esse
1049 3061 1194 3126 voealem

79 3165 150 3224 ante
188 3157 344 3222 voealern.
400 3155 465 3222 Sed
494 3157 591 3224 etiam
625 3158 659 3222 in
693 3157 808 3224 mediis
838 3158 1002 3224 voeabulis
1037 3159 1194 3242 correptio

78 3253 132 3320 illa
171 3254 359 3337 saepissime
402 3253 605 3338 oonspieitur.
659 3256 725 3338 Ita,
768 3261 803 3320 ut
845 3275 908 3319 uno
945 3257 1093 3339 exemplo
1137 3278 1195 3340 pro

79 3354 184 3418 multis
205 3359 285 3433 utar,
314 3349 492 3437 βασιλῆος,
520 3353 683 3438 βασιλῆα,
715 3350 902 3438 βασιλήων,
937 3371 1018 3434 quae
1040 3353 1196 3420 Homerus

79 3458 224 3535 usurpat,
254 3450 287 3514 in
309 3448 445 3513 dialeeto
467 3449 573 3513 ioniea
594 3457 828 3516 eommutarrtur
848 3451 882 3514 in
903 3451 1072 3533 βασιλέος,
1097 3457 1198 3534 βασι-

80 3547 151 3627 ese,
189 3546 365 3631 βασιλέων.
411 3545 476 3612 Sed
498 3547 583 3612 aliae
606 3547 751 3629 dialeoti,
789 3548 945 3630 imprimis
974 3549 1086 3638 attiea,
1125 3570 1198 3616 eum

150 3818 181 3872 ¹⁵r
199 3817 257 3884 Qua
275 3816 379 3870 ratione
390 3813 544 3868 Lobeckius
561 3816 738 3885 rormo'peavor,
756 3818 902 3886 μνωομένη
920 3818 972 3873 alia
990 3817 1017 3872 id
1034 3834 1118 3888 genus
1137 3823 1198 3874 orta

82 3907 139 3949 esse
156 3895 256 3964 injuria
274 3901 354 3966 putat
370 3897 398 3952 in
416 3899 457 3954 El.
476 3899 497 3964 I,
516 3903 574 3962 531,
594 3896 689 3951 Rham.
709 3901 767 3952 213.

118 4056 140 4110 lt
152 3977 184 4068 ¹¹⁶)
201 3977 354 4112 gpolmode
372 3979 442 4034 idem
455 3977 610 4034 Lobaekius
630 3975 782 4047 ἂπερείσιος
799 3993 832 4033 ex
848 3975 1001 4052 ἁπειρέσιος
1018 3979 1120 4036 factum
1139 3997 1198 4038 esee

84 4071 117 4108 ru
156 4073 185 4110 rn
238 4096 242 4108 .
275 4064 357 4124 ,aab
