2954 4866
297 435 357 497 180
788 439 919 510 Msngold

291 611 332 676 In
359 610 470 695 lingue
496 631 577 680 sane
604 612 759 678 sanserita
786 632 941 695 praesens
966 611 1161 678 declinatur:
1189 611 1397 696 ,bbere-jumi,

291 709 389 793 -J'd-e‘,
411 709 505 793 -jt-ti.
543 709 638 790 Quod
659 729 699 775 ea
720 709 876 776 decanea
896 709 1014 775 factum
1037 729 1108 777 esse
1129 717 1217 793 puto,
1242 709 1398 793 quialudi,

293 807 349 890 qui
370 808 504 873 verbum
518 807 574 891 ja·
596 828 662 873 non
683 815 875 891 usurparent
904 807 973 885 (sed
1000 809 1104 874 solum
1123 807 1176 892 jo)
1211 807 1399 892 priusquam

293 905 426 986 Graeci,
462 905 550 988 apud
579 925 659 988 quos
678 905 731 988 jc·
759 906 831 972 usui
858 905 957 971 lusisse
983 909 1154 972 testaretur
1180 903 1299 984 ἰέ-ναι,
1332 907 1399 972 haee

292 1003 394 1068 verba
421 1022 493 1066 eum
521 1003 619 1086 stirpe
641 1002 695 1086 ja·
724 1023 796 1069 esse
817 1002 996 1086 composita
1024 1003 1114 1068 obliti
1143 1004 1177 1068 in
1200 1002 1401 1070 declinatione

290 1099 477 1182 analogiam
491 1100 661 1165 verborum
682 1100 915 1184 primitivorum
929 1107 1146 1182 sequerentur.
1181 1099 1275 1178 Quod
1289 1102 1315 1166 si
1327 1101 1400 1167 idem

291 1195 380 1278 apud
396 1196 536 1263 Graecos
556 1197 675 1264 factum
697 1204 792 1280 esset,
815 1201 857 1263 ne
871 1197 975 1282 prima
991 1197 1120 1280 quidem
1142 1217 1281 1282 persona
1295 1200 1402 1282 *yele-

291 1317 354 1378 ημι
375 1314 493 1360 sonare
513 1303 623 1378 posset
645 1293 718 1378 (sed
740 1293 937 1380 *yctoronol

377 1391 522 1458 Graecae
536 1412 612 1459 vero
635 1393 765 1476 linguae
781 1412 892 1459 omnes
907 1393 1048 1458 omnium
1063 1392 1273 1460 dialectorum
1294 1394 1403 1460 formae

291 1488 412 1570 optime
434 1487 568 1554 eforma
589 1491 766 1576 archetypa
787 1486 948 1577 *doejoor
963 1497 1052 1556 ortae
1069 1509 1141 1557 esse
1163 1499 1306 1574 possunt,
1327 1492 1403 1574 quod

292 1604 332 1652 ex
355 1586 416 1650 hoc
438 1592 607 1652 stemmate
629 1607 817 1671 cognosces:

649 1695 843 1785 *doeljlnut

398 1811 547 1949 *ὃρῗιασι
978 1811 1108 1902 *ὁραῃς

865 1917 1231 1948 μ-ῙΝ--Ἁ

397 1944 524 2035 *δρᾶσι
727 1952 814 2018 hom.
837 1947 943 2086 ὁριιίᾳς
1136 1945 1263 2086 *ὅθιθῃς

319 2086 399 2152 lesb.
422 2083 581 2171 dcerunt)
770 2093 827 2152 att.
851 2081 933 2174 ὃρᾷς
1078 2088 1145 2152 dor.
1169 2083 1253 2172 ὃρῇς

376 2221 580 2288 Homericum
616 2223 712 2306 igitur
748 2217 852 2310 ὁράᾳς
894 2223 1009 2290 eadem
1045 2223 1171 2290 ratione
1208 2243 1249 2288 ex
1285 2219 1403 2309 *ὃραῃς

290 2319 409 2384 factum
433 2326 487 2386 est
505 2341 568 2404 qua
589 2321 812 2404 conjunctivus
834 2319 916 2407 ἐάᾳς
940 2321 970 2400 (λ
994 2327 1071 2402 110,
1094 2346 1118 2403 μ
1143 2324 1216 2395 137)
1245 2340 1287 2386 ex
1308 2319 1404 2406 *ἐαῃς

291 2416 344 2482 vel
368 2419 397 2481 2.
421 2417 501 2500 sing.
526 2437 630 2501 praee.
652 2417 719 2482 ind.
735 2419 820 2484 med.
842 2417 964 2504 μνάᾳθ
980 2426 1090 2504 *μναῃ
1109 2416 1316 2503 (*μναεσαι).
1352 2419 1404 2483 Ea·

291 2513 366 2600 dem
394 2534 470 2579 vero
500 2535 539 2580 ao
566 2515 736 2582 verborum
764 2517 798 2580 in
820 2539 888 2580 -ιιω
910 2517 1013 2582 forma
1040 2516 1219 2600 archetypa
1244 2513 1404 2582 statuenda

291 2618 341 2678 est
362 2613 533 2679 verborum
561 2612 595 2678 in
625 2635 690 2676 -oro
713 2620 745 2680 et
766 2637 841 2679 -ειιι,
884 2613 1025 2680 Proinde
1047 2620 1079 2680 et
1099 2612 1268 2677 indicativi
1289 2619 1321 2678 et
1341 2633 1403 2677 con

287 2709 426 2792 junctivi
453 2711 556 2776 forma
586 2711 701 2797 δηλοῖς
737 2730 755 2776 e
784 2709 908 2798 δηλόῃς
937 2711 1022 2776 facta
1049 2718 1107 2776 est.
1162 2709 1257 2788 Quod
1289 2729 1363 2776 vero
1390 2727 1404 2772 e

292 2807 485 2893 *ποιιωῃς
508 2827 575 2886 non
595 2808 738 2894 *ποιῇς,
771 2817 805 2876 ut
827 2808 1079 2892 exspectandum
1101 2813 1186 2888 erat,
1220 2807 1279 2874 sed
1302 2817 1404 2882 ποιεῖς

289 2903 408 2968 factum
432 2910 496 2986 est,
525 2925 563 2972 eo
586 2904 772 2988 explicatur,
802 2904 902 2988 quod,
933 2927 1004 2972 cum
1026 2925 1137 2971 omnes
1158 2924 1318 2988 personae
1339 2925 1406 2970 ana·

290 3001 412 3084 logiam
434 3003 603 3068 verborum
624 3003 659 3068 in
680 3025 724 3066 -w
748 3011 877 3070 secutae
902 3009 1100 3070 mutarentur
1121 3003 1232 3084 itaque
1253 3022 1271 3068 e
1294 3003 1406 3067 *ποιε-

283 3097 414 3181 ]ἐ-μεν,
437 3099 663 3184 *ruore-jecur
691 3106 750 3164 eet.
774 3101 1020 3185 *ruore-joanan,
1044 3087 1270 3184 *core-jem
1292 3099 1406 3176 fierent,

292 3195 390 3261 etiam
412 3197 606 3283 *noccljlyyg
634 3199 669 3262 in
690 3203 823 3276 ποιέεις
851 3199 992 3264 transiit:
1029 3198 1217 3282 praesertim
1246 3219 1319 3264 eum
1345 3195 1405 3262 veri

291 3300 377 3360 esset
413 3293 610 3360 simillimum
642 3296 812 3361 verborum
844 3297 878 3362 in
911 3321 978 3362 -coo
998 3296 1125 3360 'formas
1161 3296 1263 3360 multo
1295 3293 1404 3361 diutius

291 3411 387 3474 quam
415 3385 584 3458 verborum
606 3393 640 3456 in
662 3415 729 3456 -αω
752 3400 785 3459 et
801 3407 871 3458 *oro
894 3395 1036 3476 integras
1058 3399 1201 3458 servatas
1224 3413 1304 3460 esse.
1346 3385 1403 3456 Sed

292 3489 389 3554 etiam
412 3489 581 3554 verborum
602 3491 636 3554 in
659 3512 726 3554 -aoo
754 3491 891 3572 formae,
924 3492 951 3556 si
979 3509 1062 3574 quae
1085 3494 1172 3568 (sunt
1194 3487 1401 3558 (luctantum)

290 3586 332 3650 ab
355 3585 576 3668 antiquissimo
596 3587 784 3654 homericae
800 3588 906 3672 poesis
928 3596 1072 3672 tempore
1098 3606 1199 3670 nsque
1220 3587 1262 3652 ad
1281 3587 1401 3668 rhapso-

292 3682 351 3748 dos
374 3684 608 3751 recentissimos
630 3692 777 3752 servatae
799 3693 901 3769 erant,
924 3687 965 3750 ab
980 3685 1032 3752 his
1047 3683 1222 3752 secundum
1243 3683 1397 3750 verborum

291 3779 523 3862 primitivorum
542 3783 730 3866 ,analogiam
752 3789 909 3865 mutatae,
937 3783 1085 3866 itaquec
1117 3787 1274 3868 *στιχαῃ,
1306 3785 1396 3860 *μαι-

291 3900 360 3961 μαῃ
384 3877 489 3942 factae
511 3885 585 3944 suni
607 3879 746 3960 στιχάει,
768 3879 922 3962 μαιμάει.

295 3991 497 4002 ,---.-

360 4037 394 4101 ²⁴)
413 4035 454 4091 cf.
473 4035 548 4092 (lunt.
565 4037 678 4104 „soum
695 4037 744 4104 ΙΙΙ,
763 4043 822 4094 396.
