2972 4868
451 431 484 486 dc
501 433 713 503 reduplicationc
729 449 835 512 graeca.
1137 437 1204 499 313

83 601 200 688 pomp.)
216 605 237 669 i.
253 624 283 687 q.
306 603 515 688 ταρταρίζειν
539 602 588 687 (O.
605 605 761 672 (brunda.⁴
781 628 813 692 p.
829 605 906 691 495)
923 615 954 675 et
968 607 1088 694 Phryn.
1111 631 1142 696 p.
1158 615 1199 677 97

83 701 130 768 ed.
152 702 247 768 ch.:
270 700 480 786 γαργαλίζειν
502 702 577 786 λέγε
601 701 790 788 derisorio,
813 701 897 772 ἀλλὰ
911 705 955 789 μὴ
972 705 1028 771 διὰ
1050 715 1117 774 τῶν
1140 707 1203 775 δύο

82 825 109 884 y,
136 797 360 883 γαγγαλίζεαα
399 800 468 864 Ηαα
496 807 604 868 cutem
634 820 729 883 quam
758 802 855 885 longo
883 823 904 868 a
932 805 1099 871 vetustatis
1127 827 1200 873 oon·

82 897 246 964 suetudine
275 895 408 963 recedat
428 897 548 964 docuit
575 898 654 964 Lob.
683 898 727 966 ad
762 901 783 964 l.
813 901 834 964 l.
880 935 915 946 -
955 900 1001 968 Gi.
1031 921 1090 968 scr.
1116 901 1201 968 liari-

79 992 164 1057 tal-a
179 1025 221 1046 -
236 991 420 1058 lior-liora.

162 1096 192 1169 7)
215 1093 329 1176 Neque
351 1093 457 1159 obstat
478 1092 564 1176 quod
586 1111 605 1158 e
626 1093 739 1177 lingua
760 1095 925 1177 nonanta,
949 1115 1032 1178 quac
1047 1095 1143 1162 etiam
1166 1099 1200 1166 in

82 1191 208 1274 reliquis
225 1190 450 1274 duplicatiouis
472 1190 644 1274 gonoribus
659 1211 679 1258 a
694 1191 805 1274 lingua
821 1211 939 1275 graeca
953 1213 1051 1277 saepo
1067 1195 1200 1279 sccodit,

81 1309 180 1372 pauca
193 1295 318 1354 tantum
333 1285 376 1353 ad
396 1284 621 1372 cau-rossam
634 1288 725 1356 verbi
741 1290 982 1356 similitudinem
997 1290 1071 1358 ficta
1084 1294 1201 1360 afferre

81 1407 254 1470 possumus.
298 1387 367 1452 liae
400 1385 485 1451 enim
518 1385 644 1452 radices
671 1405 755 1468 quac
782 1407 898 1470 graece
927 1387 1078 1455 desinunt
1109 1390 1144 1456 in
1169 1392 1199 1473 l,

80 1485 230 1552 sansonito
258 1501 369 1550 omnes
396 1483 462 1550 iere
490 1482 524 1548 in
553 1505 571 1544 r
599 1491 733 1563 cxount;
767 1485 954 1552 oiautem
984 1486 1026 1551 ad
1054 1489 1200 1554 casalem

80 1580 201 1650 facilius
222 1581 375 1648 transitur
384 1582 427 1660 ¹⁸).
472 1575 546 1659 Qua
569 1579 603 1645 in
625 1599 660 1646 re
682 1581 917 1666 respiciendum
940 1591 989 1650 est
1010 1583 1097 1666 quod
1117 1584 1202 1650 radi·

81 1687 145 1744 cum
168 1698 385 1761 eorumquae
412 1679 445 1744 in
467 1679 487 1742 l
508 1677 629 1744 cadunt
653 1679 744 1744 nulla
772 1679 1020 1763 duplicationem
1043 1681 1201 1764 integram

81 1777 224 1860 praebet,
258 1775 317 1842 sod
345 1795 457 1842 omnes
478 1776 498 1840 λ
519 1783 575 1841 aut
602 1775 778 1842 amiserunt
799 1783 856 1842 aut
877 1776 911 1842 in
932 1779 1078 1845 casalem
1100 1787 1202 1846 muta·

82 1882 200 1940 verunt.
233 1873 332 1957 Cujus
355 1874 402 1941 rei
424 1894 490 1940 non
512 1874 582 1940 sola
604 1872 807 1940 dissimilatio
829 1893 927 1940 causa
948 1875 1022 1940 fuit:
1045 1878 1201 1960 majorem

82 1973 162 2038 enim
184 1991 353 2038 numerum
376 1971 544 2037 verborum
567 1959 702 2055 perinde
725 1991 763 2036 ac
790 1971 1035 2056 γαρ·γαλ-ίζειν
1057 1973 1200 2042 fictorum
1308 2036 1312 2046 ,

80 2069 292 2137 inveniremus
315 2069 365 2148 (cl.
388 2065 574 2152 ἀργαλέος).
1145 2073 1147 2082 “

161 2167 196 2254 8)
219 2167 333 2249 Neque
356 2175 404 2232 est
425 2167 693 2250 praetercundum
715 2167 801 2248 quod
823 2187 932 2233 earum
953 2188 1032 2250 quas
1054 2170 1201 2236 novimus

81 2264 170 2348 hujus
199 2265 329 2349 generis
350 2263 492 2329 radicum
516 2267 566 2344 36,
597 2267 637 2326 24
660 2272 735 2329 sunt
756 2265 927 2331 schematis
949 2285 975 2330 c.
998 2287 1024 2327 c.
1049 2267 1069 2330 l.
1099 2264 1201 2350 (cons.

82 2371 118 2439 -l-
138 2383 206 2428 voc.
231 2360 365 2445 -}-liq.),
389 2361 532 2444 reliquae
554 2368 660 2426 autem
684 2359 851 2426 duodecim
875 2363 1046 2429 schematis
1068 2365 1137 2428 cl.
1160 2387 1200 2447 a,

82 2459 161 2542 quod
190 2481 232 2527 cx
264 2481 289 2526 c.
311 2482 339 2524 c.
362 2460 383 2524 l.
412 2459 501 2525 nasci
529 2459 632 2542 potuit
668 2458 890 2541 (πίμ-πλη-μι
923 2479 981 2524 scr.
1008 2460 1199 2544 piper-mol.

83 2577 106 2619 o.
128 2559 197 2622 inv.
222 2579 249 2623 c.
278 2565 385 2622 autem
415 2554 518 2642 (φλαό
537 2555 622 2637 χλαδ
645 2555 726 2632 sim.)
754 2575 820 2620 non
842 2562 917 2620 sunt
941 2555 1037 2639 hujus
1058 2556 1200 2641 duplica-

81 2654 182 2722 tionis.
228 2652 420 2738 (Utrumque
455 2673 556 2736 genus
593 2652 676 2717 inira
712 2653 985 2738 enumerabimus;
1025 2655 1199 2741 nlpnlppu

82 2755 254 2839 πίμπρημι
277 2756 436 2836 κίγκραμι
459 2771 489 2814 v.
512 2771 543 2834 p.
567 2747 654 2834 317.)

162 2849 196 2936 9)
234 2847 482 2932 Respiciendum
520 2853 568 2912 est
604 2845 688 2929 quod
724 2846 820 2930 hujus
850 2846 1076 2931 duplicationis
1102 2869 1198 2914 voces

82 2946 190 3028 prioris
205 2947 354 3030 syllabae
368 2945 513 3010 vocalem
535 2943 622 3009 haud
640 2964 712 3010 raro
728 2946 917 3008 imminutam
940 2944 1093 3011 exhibent
1114 2951 1198 3030 (aly-

82 3044 218 3121 καλ-ος).
263 3042 356 3122 Quod
385 3042 504 3126 optime
531 3041 720 3124 intelligitur
742 3042 768 3108 si
791 3041 942 3108 universa
962 3042 1091 3126 syllaba
1112 3044 1199 3126 prior

83 3160 142 3207 non
163 3149 258 3208 aucta
273 3149 330 3222 est,
354 3139 412 3206 scd
426 3145 602 3204 attenuata.
633 3140 682 3204 Ea
695 3147 802 3205 autom
817 3160 900 3222 quac
915 3159 1011 3223 supra
1032 3141 1197 3206 attulimus

82 3235 257 3304 ααιπάλλω
298 3238 368 3314 rell.
401 3255 515 3302 revera
552 3237 677 3302 intenta
710 3238 817 3302 omnia
847 3237 1019 3320 genuinam
1050 3238 1196 3304 vocalem

83 3332 219 3419 (praeter
240 3334 273 3421 o)
295 3333 392 3418 priori
413 3333 560 3417 syllabae
582 3335 732 3400 tribuunt.

162 3433 352 3501 Accedimus
373 3430 416 3497 ad
437 3432 526 3515 ipsas
547 3451 641 3497 voces
663 3429 907 3498 enumerandas.

161 3527 479 3614 euperpa-ooo,
502 3525 712 3612 concoctos,
733 3526 895 3612 βεαβαάς,
917 3523 1080 3611 μεμβράς,
1103 3523 1195 3607 pisor-

84 3629 142 3692 ouli
163 3628 328 3713 cujusdam
351 3626 561 3706 nominatos.
588 3623 755 3710 βεβράὸα·
779 3621 943 3709 ἀθερίνην
972 3623 1061 3696 Hes.)
1093 3621 1196 3706 dupli·

85 3779 282 3792 —n-—u

149 3863 179 3927 ¹³)
198 3863 236 3918 At
253 3861 340 3917 donec
357 3859 532 3930 grammatica
549 3859 681 3912 sanserita
699 3857 865 3913 desideratur
883 3872 916 3911 ox
932 3857 992 3926 ipsa
1009 3871 1077 3926 quae
1094 3855 1195 3910 tradita

86 3943 123 3994 est
139 3941 229 4011 lingua
247 3942 405 4012 deprompta
422 3955 509 4008 neque
532 3940 590 3993 sola
615 3938 766 3994 indicorum
783 3938 1015 4007 grammaticorum
1033 3938 1194 3992 auctoritate

87 4003 190 4092 conisa,
207 4024 237 4078 in
255 4021 386 4093 ejusmodi
403 4038 446 4077 rec
463 4021 570 4090 linguae
588 4019 737 4075 sanseritae
754 4018 905 4088 inquirendi
922 4016 997 4072 deest
1014 4016 1101 4100 copia.
