2958 4868
307 425 367 489 128
808 434 918 490 Fritsch

304 627 331 667 ω
376 605 595 688 conjunctum,
640 613 706 670 tum
755 614 829 691 post
872 609 954 674 alias
996 609 1125 676 vocales
1170 630 1299 694 prorsus
1342 609 1409 694 ejec-

303 707 369 766 tum
392 709 451 768 est.

388 780 511 883 Nequex
528 802 622 868 aliter
644 802 758 868 eadem
780 803 900 868 vocalis
930 803 1011 868 elisa
1033 804 1136 870 estin
1158 803 1278 888 formis,
1302 825 1409 888 quaec

305 897 519 966 declinatione
543 901 712 966 verborum
738 900 922 966 afferuntur.
972 902 1010 966 In
1033 901 1201 972 homericis
1231 904 1409 969 carminibus

304 995 388 1061 enim
412 1003 540 1063 exstant
561 998 624 1062 bae
645 997 766 1064 formae
790 997 842 1074 (ci,
856 997 991 1064 Kbbncr
1012 1017 1058 1080 gr.
1080 1019 1127 1082 gr.
1149 1019 1181 1082 p.
1198 1003 1260 1066 604
1275 1001 1357 1066 Adn.
1372 1006 1409 1081 bi:

303 1091 432 1174 μυθέαι
460 1099 566 1178 psci
594 1115 651 1178 pro
679 1092 841 1176 μοθέεαι,
876 1093 984 1160 πωλέ)
1011 1095 1112 1161 (1811
1143 1117 1200 1180 pro
1230 1097 1408 1184 notescat,

303 1187 394 1256 int?
423 1193 453 1255 Ω
475 1197 536 1259 202
559 1214 617 1276 pro
640 1191 769 1273 έκλέεο,
793 1189 960 1277 ἀποαίρεο
983 1195 1022 1256 Α
1044 1197 1117 1276 275,
1141 1213 1333 1278 quamquam
1354 1198 1410 1262 ein

220 1325 224 1335 ·
303 1288 384 1371 aliis,
415 1295 451 1353 ut
472 1297 616 1372 μυθεῖαι
638 1296 667 1355 9
692 1294 761 1372 180,
785 1311 855 1356 cum
877 1291 1090 1358 antecedente
1112 1315 1127 1356 ε
1150 1292 1184 1356 in
1207 1315 1238 1358 ει
1261 1299 1410 1358 contracta

304 1392 362 1450 est.
405 1388 456 1451 Ex
479 1407 517 1454 eo
539 1394 661 1471 antem,
686 1389 771 1471 quod
796 1390 831 1454 in
853 1385 973 1471 πωλέ’,
998 1385 1088 1455 έκλέ’
1113 1409 1177 1454 non
1200 1391 1305 1455 solum
1326 1415 1341 1455 ε
1362 1389 1410 1455 sed

303 1484 399 1550 ctiam
422 1508 458 1548 αι
479 1485 532 1550 vel
555 1509 573 1549 ο
596 1487 701 1570 ejecta
730 1493 796 1569 est,
831 1495 981 1570 apparet,
1014 1487 1272 1571 hypbaeresino
1302 1487 1410 1552 vocalis

298 1581 368 1663 jam
391 1601 429 1647 ea
451 1589 557 1650 aetate
578 1584 789 1667 inveterasse,
825 1605 888 1666 qua
915 1591 1031 1668 poetae
1061 1585 1143 1668 epici
1172 1585 1222 1650 bis
1244 1584 1352 1650 formis
1371 1583 1410 1649 usi

303 1683 392 1762 sunt;
415 1700 578 1762 nunquam
601 1683 686 1748 enim
710 1683 789 1749 duas
810 1683 941 1748 vocales
962 1681 1078 1764 ejicere
1100 1689 1280 1766 potuerunt.
1310 1684 1410 1764 Itaque

302 1778 552 1859 exspectandum
575 1787 638 1862 cst,
668 1781 702 1844 in
724 1780 862 1845 dialecto
890 1779 1066 1846 herodotea
1093 1781 1177 1844 banc
1204 1780 1410 1864 hyphaercsin

301 1873 334 1938 in
356 1869 510 1942 'omnibns
540 1877 698 1960 ejusmodi
725 1878 835 1944 formis
862 1877 1037 1960 perfectam
1068 1895 1154 1960 esse,
1188 1884 1220 1942 et
1249 1897 1408 1944 reseram

301 1990 428 2056 semper
455 1975 489 2038 in
517 1975 659 2040 secunda
690 1995 828 2059 persona
855 1975 1032 2058 imperfecti
1060 1981 1092 2040 et
1119 1974 1303 2057 imperativi
1324 1973 1409 2040 medii

301 2070 334 2133 in
359 2093 373 2134 ε
397 2079 563 2155 correptae
584 2078 667 2137 sunt.
711 2073 847 2138 Formae
869 2091 949 2154 quas
971 2063 1109 2137 Bredors
1131 2073 1163 2150 (Ι.
1180 2091 1207 2136 ο.
1231 2075 1307 2150 375)
1329 2073 1409 2138 affert

301 2173 375 2232 sunt
407 2169 484 2234 hae:
522 2167 626 2247 αἰτέο,
663 2165 755 2250 ἀκέο,
791 2166 938 2251 ἀναιρέο,
978 2164 1132 2247 ἀπικνέο,
1166 2166 1254 2246 έδέο,
1293 2167 1408 2256 ἐξηγέο,

301 2263 416 2343 λυπέο,
450 2265 561 2345 ποιέο,
595 2265 713 2352 φοβέο,
746 2266 842 2352 χρέο,
878 2267 1023 2332 omnibus
1051 2266 1130 2332 locis
1156 2267 1253 2332 etiam
1276 2266 1364 2334 Stcin
1383 2266 1409 2330 in

301 2361 441 2429 editione
468 2365 578 2429 critica
606 2365 743 2432 eandem
770 2365 904 2430 formam
933 2366 1001 2430 sive
1029 2384 1099 2429 cum
1123 2363 1267 2429 codicum
1289 2362 1409 2429 auctori·

300 2465 367 2526 tatc
388 2461 456 2527 sive
479 2469 589 2528 contra
612 2482 682 2528 eam
710 2463 859 2546 praebet,
891 2483 955 2527 uno
981 2460 1059 2528 έόέο
1082 2461 1159 2543 VII,
1187 2465 1245 2526 161
1276 2467 1407 2544 excepto,

243 2567 246 2574 ’
299 2577 358 2640 pro
381 2577 442 2641 quo
465 2557 563 2626 ἐδέου
579 2580 649 2625 cnm
665 2560 827 2626 codicibus
850 2559 968 2641 scribit,
991 2559 1049 2625 sed
1071 2579 1184 2642 parum
1206 2567 1302 2624 recte.
1337 2559 1407 2624 Nam

300 2674 371 2719 oum
399 2663 447 2721 tot
474 2659 553 2724 locis
582 2665 728 2740 correpta
756 2657 858 2724 forma
887 2655 1006 2722 tradita
1034 2656 1090 2737 sit,
1123 2676 1190 2720 non
1217 2655 1329 2738 video,
1364 2673 1407 2719 cnr

300 2759 458 2836 putemus,
481 2757 514 2820 in
537 2757 605 2821 solo
629 2753 706 2821 έόέο
730 2779 745 2820 ε
768 2777 834 2820 non
856 2774 927 2821 esse
950 2752 1086 2819 elisam?
1122 2756 1205 2818 Tum
1226 2753 1261 2818 in
1284 2753 1406 2818 dialecto

299 2849 479 2917 neo-ionica
502 2877 537 2918 εο
560 2873 724 2934 nunquam
746 2853 780 2916 in
802 2876 852 2931 oo,
873 2851 933 2918 sed
948 2870 1075 2934 semper
1089 2851 1123 2915 in
1139 2874 1175 2915 so
1191 2851 1407 2916 contrahuntur

301 2946 353 3031 (cf.
376 2950 505 3015 Renner
526 2950 663 3032 „Stud.“
685 2950 710 3031 Ι,
737 2955 763 3032 1,
791 2953 859 3031 180,
888 2951 1006 3014 Erman
1028 2949 1071 3013 ib.
1094 2949 1131 3029 V,
1156 2951 1218 3012 292
1241 2949 1340 3033 ευρ),
1361 2949 1407 3012 ita·

299 3065 361 3128 que
383 3046 473 3114 Stein
499 3045 595 3114 ἐδέεο
624 3048 775 3113 scriberet
796 3065 928 3114 necesse
951 3052 1033 3123 erat,
1067 3065 1259 3128 quamquam
1288 3044 1335 3112 ne'
1358 3046 1406 3110 boc

300 3143 437 3228 quidem,
460 3152 495 3210 ut
512 3145 582 3228 jam
605 3145 747 3228 exposui,
771 3145 846 3211 ferri
867 3149 983 3228 potest.

384 3242 507 3309 Eadem
530 3243 740 3326 hypbaeresis
762 3243 860 3308 etiam
882 3241 969 3326 apud
991 3247 1103 3324 poetas
1125 3241 1193 3306 sive
1214 3241 1334 3306 ionicos
1348 3238 1404 3304 sive

299 3340 379 3406 alios
401 3341 563 3407 interdum
584 3340 740 3422 reperitur
769 3339 822 3424 (ci.
844 3341 924 3406 Lob.
954 3339 1046 3404 Patb.
1069 3339 1119 3404 El.
1141 3338 1167 3420 Ι,
1191 3337 1285 3423 273):
1321 3333 1402 3400 αἰδεό

298 3437 443 3521 Theogn.
475 3442 572 3520 1331,
605 3433 685 3526 ἡγέο
714 3438 748 3502 in
772 3437 911 3504 Choerili
939 3457 1033 3504 versu
1062 3434 1149 3518 apud
1177 3435 1305 3502 Aristot.
1333 3433 1402 3498 rhet.

298 3535 362 3618 ΙΙΙ,
389 3542 443 3618 14,
477 3557 508 3620 p.
535 3541 631 3616 1414,
659 3538 696 3598 16
730 3543 762 3602 et
789 3535 886 3600 Anth.
910 3535 974 3616 IX,
998 3537 1070 3613 403,
1105 3533 1188 3614 XII,
1216 3537 1283 3613 119,
1314 3535 1402 3612 μίμεο

298 3633 417 3698 Simon.
441 3633 474 3698 O.
506 3633 543 3697 ir.
567 3637 606 3698 29
631 3631 753 3717 (Bergk
765 3631 807 3717 3),
841 3627 970 3718 ὖφάγοο
994 3631 1127 3698 Theocr.
1151 3630 1200 3712 II,
1227 3634 1299 3711 101,
1334 3623 1402 3690 ἀια-

299 3728 410 3794 κοινέο
433 3731 579 3814 Theogn.
603 3735 642 3796 73
667 3730 809 3814 (Bergk3
831 3725 1037 3811 ἀνακοινεῦ),
1073 3727 1158 3810 quod
1181 3747 1246 3792 non
1268 3727 1307 3792 ab
1333 3720 1403 3786 ἀνα-

299 3881 501 3891 ————

367 3970 386 4033 ⁵)
416 3969 528 4023 Lobeck
550 3967 689 4022 Parnm.
709 3969 730 4035 Ι,
750 3972 798 4023 212
826 3964 906 4022 πωλέ’
931 3984 980 4036 pro
1005 3967 1127 4034 πωλέεαι,
1154 3983 1208 4022 non
1230 3981 1278 4034 pro
1302 3956 1400 4045 ἐπαλέα

299 4049 428 4118 scriptum
446 4065 504 4105 esse
522 4049 719 4105 demonstravit.
857 4041 859 4048 '
