3020 4866
344 448 385 504 De
402 447 525 503 infinitivi
542 453 693 518 temporum
711 465 760 503 usu
780 447 963 519 Thucydideo.
1180 446 1218 507 17

101 620 212 686 eodem
249 621 343 686 modo
375 641 395 686 a
427 619 644 705 singularibus
674 619 717 686 ad
749 621 915 703 generalia
947 619 1093 688 ascendit
1123 627 1220 704 atque

100 718 243 802 ejusdem
280 719 432 802 temporis
471 718 677 799 indicativus,
716 737 810 800 quem
849 718 1001 784 aoristum
1039 719 1220 801 gnomioum

100 816 243 882 dicimus.
276 817 389 899 Itaque
403 817 544 882 Pericles
566 815 681 897 λαβεῑν
703 823 736 881 et
758 808 897 902 ἀφεῖναι
919 816 952 880 in
975 836 1066 882 nsum
1081 817 1217 900 vocavit,

100 933 162 977 non
190 913 374 996 λαμβάνειν
397 933 501 995 neque
524 909 677 1000 ἀφιέναι,
710 914 784 995 quia
806 914 840 979 id
863 914 1060 998 potissimum
1083 921 1217 998 spectat,

101 1010 184 1092 quod
199 1011 413 1078 Athenienses
429 1011 545 1094 partim
560 1011 710 1091 iecerunt,
735 1013 849 1094 partim
865 1012 977 1078 facturi
993 1018 1093 1092 erant,
1111 1032 1219 1094 quam-

101 1127 193 1190 quam
211 1108 370 1193 judicium
392 1107 433 1174 de
456 1109 513 1174 tali
536 1109 661 1174 ratione
675 1109 792 1191 agendi
808 1110 840 1174 in
856 1109 1039 1174 universum
1055 1108 1145 1191 iacit3
1168 1111 1218 1176 sin

99 1213 201 1273 autem
235 1206 398 1290 praesenti
430 1213 575 1289 tempore
607 1227 682 1271 usus
715 1213 808 1286 esset,
832 1207 939 1272 omnia
966 1207 1112 1274 similiter
1133 1208 1219 1275 iacta

99 1305 227 1370 notione
249 1304 393 1386 generali
415 1303 720 1388 comprehendisset.
763 1303 855 1368 Hane
878 1303 1091 1370 differentiam
1105 1307 1218 1372 slavioi

93 1402 242 1470 homines
266 1400 356 1466 sicuti
380 1401 493 1468 Graeci
517 1421 574 1484 per
595 1402 686 1466 varia
707 1402 875 1466 verborum
899 1402 1042 1468 themata
1063 1402 1216 1484 indicant,

97 1507 255 1564 nostrates
277 1505 310 1563 et
332 1500 437 1564 Latini
460 1499 639 1582 exprimere
661 1520 725 1562 non
748 1506 882 1581 possunt
903 1499 965 1564 nisi
981 1519 1039 1582 per
1053 1502 1216 1584 ambages,

97 1598 193 1662 veluti
223 1596 286 1662 hoc
313 1597 400 1661 loco:
438 1597 494 1678 „Si
522 1597 592 1678 quis
621 1596 792 1678 superbum
816 1595 1012 1662 dominatum
1035 1599 1215 1682 arripuerit,

97 1693 213 1776 injuste
243 1693 348 1760 facere
370 1693 512 1775 videtur,
537 1693 586 1760 sin
608 1694 739 1759 missum
762 1693 885 1775 iecerit,
909 1694 1098 1777 periclitari,
1121 1715 1217 1763 vvenn

96 1791 189 1857 hinec
211 1787 292 1857 eine'
306 1792 515 1875 tyrannische
536 1791 721 1857 Herrschaft
741 1811 784 1856 an
806 1791 873 1856 sich
896 1792 1004 1873 reisst,
1035 1813 1071 1858 so
1094 1794 1219 1860 scheint

97 1907 128 1953 er
149 1888 295 1954 Unrecht
322 1910 361 1954 nu
388 1886 510 1973 haben,
546 1889 634 1974 gicht
656 1909 690 1954 cr
712 1890 759 1954 sie
782 1889 850 1970 auf,
881 1909 916 1953 so
939 1890 1069 1972 begiebt
1092 1910 1126 1956 er
1148 1892 1216 1958 sich

96 1984 126 2049 in
148 1985 303 2052 Geiahr.“
353 1987 416 2052 Ubi
439 2007 515 2052 vero
548 1987 581 2051 in
610 1994 719 2052 nostra
747 1987 858 2069 lingua
886 1993 941 2051 aut
969 1989 1001 2051 in
1024 1988 1124 2054 latino
1153 2009 1215 2057 ser·

96 2101 187 2148 mone
216 2081 392 2150 infinitivus
414 2091 598 2168 usurpatur,
622 2083 784 2166 utriusque
806 2083 955 2148 infinitivi
977 2086 1085 2166 graeci
1107 2093 1216 2169 partes

97 2181 240 2264 suscipit:
279 2183 506 2262 „Dominatum
540 2201 695 2266 occupare
727 2180 922 2264 (λαμβάνειν
952 2187 984 2247 et
1013 2182 1140 2265 λαβεῖν)
1171 2185 1217 2250 in·

94 2276 210 2358 justum
233 2278 376 2359 videtur,
401 2280 561 2363 deponere
585 2276 738 2364 (ἀφιέναι
761 2285 793 2344 et
816 2276 967 2364 ἀφεῖναι)
990 2281 1214 2364 periculosum,

98 2395 128 2440 es
149 2377 276 2442 scheint
297 2379 480 2459 ungereoht,
505 2377 557 2444 die
573 2377 759 2442 Hernschait
780 2397 822 2440 an
844 2377 911 2442 sich
935 2398 973 2441 nu
995 2378 1126 2460 reissen,
1150 2379 1217 2445 und

97 2473 282 2557 getshrlich,
306 2474 353 2540 sie
375 2474 486 2540 iahren
510 2495 548 2540 nu
564 2473 705 2540 lassen.“
742 2472 807 2538 Sed
823 2473 924 2554 vides,
948 2475 1094 2541 accidere
1109 2497 1214 2560 posse,

98 2577 129 2634 ut
149 2577 285 2654 utroque
306 2578 449 2654 tempore
472 2573 516 2636 uti
539 2573 645 2650 liceat,
669 2591 740 2636 cum
762 2591 891 2653 prorsus
906 2573 1068 2655 scriptoris
1083 2574 1216 2639 arbitrio

98 2669 281 2750 permissum
304 2670 353 2747 sit,
377 2677 411 2734 ut
433 2670 516 2735 hanc
538 2671 590 2735 vel
612 2670 701 2732 illam
724 2667 913 2734 enuntiandi
934 2670 1090 2736 rationem
1104 2689 1216 2752 sequa·

98 2770 152 2829 tur.
188 2766 287 2833 Haud
309 2766 406 2833 dubie
418 2766 625 2851 Thucydides
647 2767 672 2846 I,
698 2769 767 2846 139,
792 2771 810 2828 4
831 2765 937 2832 dicere
952 2767 1053 2850 potuit
1069 2766 1216 2832 δυνατώ-

98 2885 191 2940 τατος
221 2862 334 2930 εἰπεῖν
364 2865 421 2929 καὶ
449 2867 593 2948 πρᾶξαι,
623 2871 734 2929 contra
755 2863 817 2944 IV,
843 2866 900 2945 84,
925 2868 944 2928 2
967 2860 1026 2930 οὐκ
1050 2860 1216 2942 ἀδύνατος

98 2959 217 3044 λέγειν,
252 2962 311 3029 sed
338 2983 396 3046 pro
419 2961 605 3028 diversitate
626 2961 728 3040 modi,
760 2981 821 3043 quo
843 2979 911 3040 rem
933 2961 1102 3044 cogitavit,
1126 2981 1217 3045 prae·

98 3058 165 3122 tulit
192 3080 249 3126 eas
278 3061 422 3142 quaein
452 3059 541 3125 libris
569 3061 720 3141 leguntur
751 3077 856 3124 voces.
902 3057 1080 3125 Careamus
1107 3059 1214 3143 igitur,

99 3175 136 3221 ne
157 3159 266 3224 omnia
288 3157 330 3224 ad
353 3156 615 3241 perpendiculum
639 3155 826 3240 dirigamus,
850 3157 927 3222 satis
950 3157 1036 3223 enim
1059 3157 1215 3225 habemus

100 3271 190 3320 sensu
212 3257 387 3340 percipere,
412 3275 475 3337 qua
498 3273 531 3319 re
546 3259 722 3319 commotus
738 3254 872 3337 scriptor
885 3261 951 3319 tum
967 3273 1130 3339 praesens,
1147 3262 1214 3322 tum

101 3351 246 3416 aoristum
268 3353 420 3436 posuerit.

178 3449 244 3514 Sed
275 3451 356 3516 haec
389 3450 553 3514 haetenus.
602 3449 676 3515 Jam
709 3448 929 3517 enumeranda
959 3457 1033 3514 sunt
1065 3453 1215 3535 exempla

101 3543 320 3630 rihucydidea,
351 3565 483 3629 quorum
514 3565 553 3612 ea
575 3547 645 3611 sota
667 3548 820 3624 tractabo,
845 3565 927 3629 quae
948 3545 1071 3628 aliquid
1094 3549 1214 3632 proprii

101 3639 242 3708 videntur
271 3644 406 3726 hahere,
440 3663 514 3709 nam
546 3643 586 3709 de
615 3645 761 3710 omnihus
788 3643 953 3726 disputare
974 3650 1007 3706 et
1028 3643 1159 3727 longum
1183 3655 1215 3713 et

100 3755 365 3822 supervacaneum
388 3749 445 3807 est.

102 3887 298 3902 ——ss-

102 3973 156 4029 png.
169 3965 228 4030 38³)
245 3965 404 4020 infinitivum
421 3965 523 4030 aoristi,
543 3966 587 4035 qui
605 3965 632 4021 in
652 3965 781 4035 eJ'usmodi
799 3965 945 4032 sententiis,
964 3973 994 4021 ut
1013 3965 1102 4024 δεινὸς
1120 3965 1214 4030 εἰπεῖν,

103 4045 221 4106 occurrit
240 4046 411 4116 neglegenter
429 4051 609 4116 (‚‚ungenau“t
629 4053 788 4116 usurpatum
806 4045 879 4101 dicit.

151 4143 281 4198 cortice,
297 4149 386 4190 Studien
401 4149 438 4190 v1.
992 4137 1007 4186 ²
