2958 4868
271 447 331 510 172
766 453 896 524 Mangold

266 623 383 708 positio
403 621 472 688 fieri
494 625 633 708 potuerit
654 663 695 672 -
716 627 750 691 in
772 621 949 710 *ὁρόωντο
975 632 1053 703 (tum
1075 627 1110 692 in
1132 623 1297 712 ὁρόωντο)
1325 631 1383 695 abi-

267 723 336 790 erit.
380 722 452 802 Qua
479 724 603 795 ratione
631 729 663 789 et
693 722 861 804 ἱλάονται,
895 721 1033 810 γοάοιεν
1062 725 1131 790 sim.
1168 733 1201 792 et
1230 722 1383 807 ὁρόωντο,

266 818 433 906 τρυγόῳεν
454 822 533 886 satis
555 821 638 887 bene
660 822 870 905 explioantnr.
908 824 973 890 Sed
987 829 1065 904 tum,
1087 824 1248 906 quomodo
1269 825 1384 892 formae

265 913 431 1006 ἡβώοντα,
454 916 605 1000 μνώοντο
629 927 718 985 ortae
741 921 814 1001 sint,
839 923 969 986 omnino
991 941 1057 986 non
1078 921 1288 1003 intellegitur.

352 1016 417 1082 Sed
444 1016 534 1080 aliud
563 1016 662 1099 idque
688 1018 912 1100 gravissimum
940 1024 1162 1102 argumentum
1189 1021 1383 1086 alienandum

267 1121 324 1180 est.
369 1115 435 1180 Eas
463 1113 549 1180 enim
577 1121 701 1179 tantum
729 1116 863 1197 formas,
900 1123 935 1180 ut
960 1115 1030 1198 jam
1052 1116 1119 1180 Leo
1141 1117 1294 1200 Meyerus
1319 1139 1385 1202 per·

266 1212 381 1296 spexit,
404 1212 609 1277 assimulatas
631 1214 822 1296 reperimus,
845 1233 978 1295 quarum
1000 1213 1158 1296 posterior
1178 1216 1308 1282 vocalis
1318 1217 1384 1298 jam

265 1316 342 1375 ante
368 1310 459 1374 illam
487 1310 768 1392 transpositionem
800 1319 856 1376 aut
882 1317 997 1375 natura
1024 1315 1080 1374 aut
1107 1311 1267 1394 positione
1292 1314 1386 1396 longa

266 1407 377 1473 luerit:
413 1407 460 1471 ita
481 1413 516 1471 ut
537 1407 712 1473 oertissimo
734 1409 807 1490 illo,
837 1407 923 1490 quod
943 1415 1078 1473 metrum
1100 1410 1246 1492 praebet,
1277 1411 1385 1476 funda-

266 1511 374 1570 mento
397 1511 504 1570 eareat
523 1504 582 1568 illa
603 1507 762 1572 sententia
783 1513 880 1587 atque
907 1506 942 1568 in
964 1505 1035 1569 sola
1057 1506 1287 1590 orthographia
1307 1510 1385 1573 nita-

266 1611 325 1667 tur.
370 1603 540 1684 Nunquam
568 1622 644 1668 vero
672 1604 755 1668 tales
783 1604 988 1668 inveniuntur
1013 1603 1067 1667 vel
1088 1603 1250 1685 integrae:
1288 1599 1385 1689 ὁράσ-

266 1723 337 1780 μεν,
361 1695 489 1784 ὁράετε,
514 1695 669 1783 ὁράομαι,
693 1696 837 1784 ὁράαται
964 1701 1018 1765 vel
1040 1702 1267 1768 assimulatae:
1290 1698 1384 1786 ὁρόο-

266 1821 337 1878 μεν,
368 1792 490 1883 ὁρόατε
521 1819 609 1880 ...;
642 1817 706 1879 qua
735 1799 801 1862 alia
829 1799 871 1864 do
900 1817 998 1863 eausa
1027 1818 1122 1881 quam
1151 1800 1227 1881 qnia
1258 1808 1385 1884 propter

265 1897 383 1960 multas
411 1895 556 1979 syllabas
583 1896 699 1961 breves
725 1897 759 1960 in
787 1915 915 1961 versum
943 1913 1009 1961 non
1030 1896 1260 1981 quadrant?¹⁸)
1304 1899 1385 1963 Nam

266 1994 293 2058 si
320 1994 407 2076 prior
435 1994 563 2076 syllaba
596 2013 723 2076 semper
754 1993 808 2058 vel
843 1999 967 2058 tantum
995 2013 1094 2078 saepe
1126 1993 1282 2079 produota
1309 2003 1384 2074 erat,

266 2091 343 2173 quid
357 2089 564 2174 impediebat,
588 2092 756 2172 quominus
777 2098 874 2172 poeta
890 2091 939 2156 his
959 2091 1070 2156 formis
1083 2098 1240 2157 uteretur:
1263 2086 1386 2175 *ὁρᾶσ-

265 2211 337 2268 μεν,
360 2183 502 2272 *ὁρᾶετε
525 2195 585 2252 eet.
607 2189 660 2253 vel
681 2180 867 2272 *ὁρωομεη
891 2183 1037 2273 *ὁρᾶᾶτε
1053 2195 1112 2255 eet.
1129 2191 1181 2254 vel
1203 2183 1385 2272 *ὁροωμεη

266 2283 410 2368 *ὁρᾶἇτε
435 2285 521 2350 eet?
1091 2280 1108 2300 ⁵

350 2385 393 2449 At
415 2384 500 2449 enim
523 2382 681 2466 quomodo
703 2382 860 2448 Homerus
881 2383 991 2448 formis
1018 2383 1084 2448 illis
1111 2389 1178 2448 tam
1200 2385 1386 2450 neeessariis

266 2479 422 2567 ὁράομεν,
446 2475 573 2570 ὁράετε,
602 2477 704 2565 όραον
727 2487 786 2546 eet.
810 2499 919 2546 carere
940 2481 1068 2564 potuit?

353 2579 470 2644 Videas
492 2599 587 2661 quam
609 2579 728 2643 bonnm
750 2579 779 2644 is
806 2578 902 2661 hujus
925 2578 1035 2642 damni
1056 2578 1233 2643 remedium
1255 2579 1384 2644 adbibu-

265 2678 339 2743 erit:
364 2677 471 2742 aotira
486 2677 571 2742 enim
593 2675 696 2741 forma
717 2676 772 2740 ubi
793 2695 860 2740 non
881 2674 1018 2757 quadrat
1038 2675 1072 2740 in
1094 2695 1233 2758 versum,
1256 2684 1384 2760 usurpat

264 2775 405 2841 mediam
434 2781 466 2840 et
494 2775 617 2838 visibus
645 2773 757 2840 versis.
800 2773 852 2838 Ita
872 2773 961 2838 verbi
985 2770 1111 2836 ἀντιόω
1137 2793 1264 2858 semper
1290 2773 1383 2838 utitur

264 2873 371 2937 aotiva
392 2871 495 2938 torma
518 2877 559 2950 (v.
583 2872 700 2950 tabu),
725 2870 781 2936 sed
804 2871 904 2936 semel
928 2871 959 2934 Ω
982 2873 1022 2934 62
1045 2868 1248 2956 ἠντιόαοθε.
1291 2871 1382 2935 Verbi

265 2967 497 3056 άμφαῳάομαι
527 2975 654 3035 exstant
681 2969 743 3047 hae
770 2967 891 3032 formae
914 2964 1164 3055 ἀμφαφόωντο,
1198 2965 1381 3054 ἀμφαφάα-

266 3073 362 3145 σθαι,
384 3085 489 3149 neque
510 3085 586 3132 vero
609 3062 927 3151 *άμφαφοωμινος,
957 3065 1016 3130 sed
1038 3061 1242 3152 άμφοφόων,
1272 3063 1380 3150 rippa·

266 3165 404 3252 φόωσα,
434 3162 696 3250 ἀμφαφόωντος.
740 3165 820 3228 ltem
843 3161 1027 3249 μητιόωσι,
1056 3187 1141 3240 -ντι,
1174 3187 1282 3240 -νττς,
1313 3183 1378 3236 -οα,

265 3263 323 3328 sed
345 3261 551 3349 μητιάασθε,
580 3259 778 3348 μητιόωντο,
809 3259 1106 3346 ξομμητιάασθαι,·
1133 3259 1376 3346 μηχανάασθαι,

263 3358 497 3448 μηχανάασθε,
520 3356 762 3445 μηχανόωνται,
785 3381 869 3436 -ντο,
891 3356 1098 3444 μηχανόῳτο,
1121 3357 1179 3424 sed
1194 3357 1377 3444 μηχανόων-

263 3481 341 3538 τας,
375 3451 474 3541 ὁρόω,
504 3451 622 3540 ὁρόων,
652 3452 758 3542 ὁράᾳς
786 3462 846 3521 eet.
878 3467 1015 3552 [semper
1037 3455 1294 3538 activalem),
1326 3451 1375 3520 sod

265 3553 488 3639 εἰςοράασθε,
522 3553 738 3637 εἰςορόωντο,
771 3548 956 3637 ὁράασθαι.
1000 3553 1124 3619 uadem
1153 3551 1194 3618 tle
1216 3573 1311 3619 eausa
1334 3551 1375 3614 iu·

263 3651 409 3718 venimus
431 3646 586 3729 όλάουσι,
609 3647 719 3728 ὁλόιι,
753 3650 811 3717 sed
832 3645 973 3714 ὑλάοντο
998 3647 1039 3733 (rr
1064 3650 1155 3736 162),
1193 3667 1374 3734 quamquam

184 3742 185 3746 '
264 3751 360 3815 etiam
375 3747 475 3814 ὕλαον
495 3756 534 3825 (rr
550 3753 580 3825 5)
597 3750 710 3814 ultima
730 3739 889 3832 positione
911 3747 1066 3831 produeta
1080 3751 1229 3832 usurpari
1251 3750 1374 3832 poterat·

266 3903 468 3910 .-———-.—.-—

336 3977 366 4039 ¹⁸)
393 3973 501 4044 ἐχράετ’
521 3991 587 4029 sane
604 3975 732 4041 usurpari
755 3979 863 4044 poterat
881 3975 985 4044 syllaba
1007 3975 1102 4028 ultima
1118 3975 1239 4044 abjecta3
1267 3974 1372 4038 itemque

266 4053 349 4106 ι’έαιοι
366 4054 536 4124 trisyllabum
554 4071 609 4110 non
626 4057 754 4111 abhorret
771 4073 788 4110 a
805 4071 883 4112 versu
901 4056 1017 4111 heroico.
