2972 4868
268 360 330 422 334
757 359 898 416 Fritasche

267 535 442 605 duxerunt:
465 552 525 598 scr.
535 529 637 616 pund·
623 533 692 610 -cb',
707 551 754 616 gr.
765 556 863 647 yoyy·
847 533 944 615 -ύζει,
971 535 1062 616 Quae
1075 535 1342 602 terminatiouum
1358 535 1413 602 di-

267 633 404 700 versitas
432 651 497 696 uon
525 630 716 713 intelligitur
743 631 804 698 nisi
832 653 942 700 veram
971 635 1133 716 quandam
1161 633 1301 702 radicem
1336 656 1411 718 91¹9

268 717 412 816 (JonJJJ
405 730 466 794 'am
495 727 776 810 iudogermanioae
800 731 932 816 linguae
953 732 1050 798 fuisse
1072 733 1248 800 statuimus
1294 733 1410 798 Deni-

268 849 329 916 que
344 832 399 896 lcx
413 829 472 894 illa
486 831 684 943 syllabarum
699 827 930 896 servandarum
946 849 1041 914 quam
1059 831 1188 914 liuguae
1205 829 1409 913 primaevae

267 929 430 1014 propriam
452 926 550 994 luisse
571 929 728 1008 novimus,
752 917 878 990 videtur
892 947 957 992 non
979 927 1060 993 adeo
1081 929 1221 994 valuisse
1242 935 1277 992 ut
1291 929 1409 993 aliam

267 1025 429 1110 quandam
459 1025 604 1108 ejusdcm
631 1025 770 1106 liuguae
787 1023 891 1108 legem
914 1024 1035 1090 irritam
1057 1025 1221 1093 redderet:
1257 1045 1299 1090 ne
1336 1047 1411 1110 qua

267 1125 309 1190 sit
330 1122 424 1190 radix
445 1124 508 1188 nisi
530 1123 624 1188 unius
645 1121 801 1206 syllabae,
825 1141 888 1202 qua
909 1123 982 1204 lege
1004 1124 1115 1205 lingua
1129 1126 1410 1210 indogermanica

267 1221 424 1306 imprimis
456 1221 607 1286 distincta
641 1226 689 1286 est
716 1240 737 1284 a
764 1220 872 1286 multis
906 1221 989 1288 aliis.
1035 1223 1117 1288 Nam
1150 1231 1323 1308 postquam
1358 1225 1410 1290 lc·

267 1326 403 1406 queutes
425 1326 594 1386 senserunt
613 1339 697 1401 pugn
716 1338 837 1400 perper
859 1317 1039 1400 duplicatas
1061 1327 1205 1404 (quarum
1227 1321 1276 1386 vis
1297 1329 1409 1388 aucta

266 1417 325 1484 luit
354 1426 385 1484 et
418 1417 553 1484 sortasse
587 1415 767 1499 paullulum
801 1422 938 1508 mutata,
977 1417 1015 1482 cl.
1044 1439 1104 1500 ραν
1136 1426 1274 1504 pipp-vg,
1309 1420 1408 1504 garJJ'

205 1521 208 1528 '
267 1518 403 1600 mugire)
435 1535 537 1580 novas
559 1533 631 1580 csse
652 1512 808 1578 monades
830 1514 961 1596 reliquis
982 1515 1143 1582 radicibus
1165 1505 1300 1602 similes,
1343 1539 1406 1585 eas

223 1690 226 1694 ¹
266 1615 313 1680 ita
348 1613 572 1693 reddiderunt,
616 1618 651 1676 ut
686 1610 720 1676 iu
755 1609 818 1676 fine
855 1611 1080 1696 infringerent,
1123 1613 1156 1678 iu
1200 1635 1264 1698 qua
1298 1623 1404 1698 parte

266 1713 425 1778 vocabula
467 1707 730 1793 iudogermauica
773 1716 805 1774 et
848 1729 992 1776 crescere
1034 1719 1066 1776 et
1100 1710 1232 1796 infringi
1275 1714 1402 1780 solent.

269 1809 416 1878 Ceterum
448 1809 489 1874 sit
516 1808 613 1873 venia
640 1806 667 1872 si
696 1805 729 1870 iu
759 1825 868 1872 eorum
895 1827 978 1890 quae
1007 1810 1200 1876 enumerabo
1226 1812 1403 1878 nonnullis

267 1909 400 1974 nimium
428 1907 541 1972 videar
568 1905 775 1988 periclitatur.
820 1905 903 1970 Nam
932 1906 1078 1988 quamvis
1106 1927 1226 1990 parvus
1248 1909 1288 1973 sit
1309 1909 1402 1992 ejus-

267 2005 355 2072 modi
365 2005 590 2070 vocabulorum
605 2003 639 2066 in
651 2003 762 2083 lingua
775 2022 892 2092 graeca
902 2021 1061 2084 numerus,
1078 2023 1172 2070 nemo
1184 2005 1354 2088 hucusque
1366 2009 1401 2072 in

269 2125 308 2170 ea
329 2102 502 2186 inquisivit.
529 2135 570 2148 -—
592 2099 725 2164 Videtur
740 2105 847 2166 autem
862 2100 1101 2168 concedendum
1125 2121 1206 2184 essc,
1229 2104 1264 2168 in
1277 2123 1401 2186 graeca

268 2220 392 2286 quoque
413 2200 525 2282 lingua
552 2197 670 2264 similia
699 2197 773 2262 oriri
803 2197 946 2280 potuisse
973 2199 1160 2281 praesertim
1190 2219 1208 2266 e
1230 2201 1399 2268 radicibus

268 2301 301 2366 iu
324 2300 452 2366 vocales
474 2296 664 2363 exeuntibus
688 2291 740 2376 (ci.
763 2291 1154 2381 sangermanensem).

813 2529 840 2593 Α
1484 2503 1485 2572 l

351 2676 582 2757 βαμβαίνω.
599 2705 640 2714 -
656 2662 846 2750 [lapidi-co
870 2663 1077 2748 duplicatum,
1100 2690 1175 2752 non,
1203 2677 1237 2736 ut
1260 2669 1392 2736 Fickius
1484 2609 1485 2667 i

268 2773 338 2836 vult
365 2791 406 2837 cx
433 2773 502 2852 pop
529 2767 637 2832 radice
666 2771 768 2828 ortum
797 2781 868 2828 csse
896 2763 1001 2829 elucet
1023 2784 1063 2830 ex
1085 2767 1308 2852 Hipponacteo
1332 2767 1390 2851 ε’μ-
1483 2799 1484 2806 ¹

268 2867 469 2952 βιβάξαντες
500 2867 547 2940 (lr.
572 2871 611 2930 53
635 2863 695 2938 Β.).
739 2859 881 2926 Ebu-bc
910 2867 1017 2926 autem
1045 2865 1165 2946 prodiit
1194 2865 1261 2946 bob,
1295 2887 1389 2950 quam

266 2966 407 3032 radicem
430 2966 563 3050 praebet
584 2965 641 3028 lat.
665 2957 822 3034 tal-alos,
846 2956 996 3040 bob-amb,
1026 2967 1057 3025 et
1086 2956 1387 3050 nasali'auctam¹⁸)

266 3063 313 3128 lit.
326 3063 475 3125 bamb-eti
486 3081 692 3144 murmurare,
716 3069 757 3140 ct,
773 3063 808 3122 ut
823 3059 958 3144 videtur,
981 3065 1210 3144 βαμβ-αίνειν.
1246 3063 1385 3127 Duarum

268 3162 353 3227 enim
369 3160 666 3246 interpretationum
690 3180 769 3244 quas
791 3161 925 3244 praebet
946 3157 1141 3242 Hesychius:
1164 3163 1299 3242 τρέμειν
1315 3171 1385 3236 τοῖς

267 3261 381 3338 cccclv,
410 3251 432 3345 ἢ
453 3255 532 3334 τοὺς
555 3253 705 3338 ὀδόντας,
735 3259 839 3323 altera
861 3259 931 3323 sola
952 3255 1088 3339 quadrat
1109 3255 1144 3334 in
1166 3255 1275 3334 Bionis
1298 3262 1325 3339 4,
1350 3261 1382 3320 9.·
1481 3305 1482 3342 ,

266 3359 449 3440 βαμβαίνει
470 3379 530 3436 μοι
551 3353 702 3438 γλῶσσα,
739 3355 777 3420 cf.
807 3359 840 3419 K
862 3357 923 3420 375
952 3349 970 3417 ὃ
994 3349 1028 3417 d’
1052 3351 1132 3439 dorp
1161 3353 1325 3440 τάρβησέν
1346 3377 1378 3418 τε

265 3458 478 3538 βαμβαίνων·
502 3449 630 3538 ἄραβος
647 3451 683 3517 δὲ
707 3449 764 3516 διὰ
780 3450 887 3534 στόμα
902 3443 1028 3536 γίγνετ’
1054 3448 1212 3530 ὀδόντων,
1234 3453 1286 3517 ubi
1300 3455 1377 3516 recle
1480 3493 1481 3496 =

337 3724 367 3786 ¹⁸)
394 3721 490 3776 Utrum
508 3737 540 3776 ea
557 3723 661 3778 ratione
680 3737 760 3795 quam
778 3720 982 3778 commemoravi
1000 3738 1025 3790 p.
1046 3725 1096 3774 298
1115 3721 1214 3776 nasalis
1232 3716 1368 3774 accesserit.

267 3818 302 3855 an
328 3817 361 3855 ea
387 3818 467 3870 quam
489 3803 602 3871 praebet
623 3820 661 3872 gr.
686 3801 762 3872 ὅμφ-
766 3823 779 3866 rJ
803 3803 863 3857 coll
888 3799 933 3853 ἔτι·
922 3820 973 3863 -ος,
1001 3797 1090 3870 capric
1092 3808 1140 3868 ,loc
1167 3803 1286 3870 στρέφοι,
1310 3792 1370 3861 λίψξ

266 3879 385 3950 Λυγκεύς
402 3879 514 3942 λευσσω
536 3880 661 3952 ἴαμβος
652 3881 739 3936 colato
758 3883 812 3950 all,
840 3899 894 3938 nou
911 3883 999 3938 habeo
1018 3881 1064 3950 qui
1088 3881 1244 3952 dijudicem,
1261 3869 1366 3948 quamvis

266 3961 400 4030 posterius
417 3963 473 4017 veri
489 3963 574 4020 multo
593 3963 629 4017 sit
646 3964 766 4020 similius.
