2972 4868
277 425 340 488 314
451 373 455 387 ·
767 427 910 486 Fritssehe

277 599 403 668 natione
426 605 503 666 nats
524 606 598 668 sunt
619 599 737 668 reclinis
758 597 926 682 cujusnam
947 619 1044 682 quam
1066 600 1100 664 in
1119 597 1138 666 ὁ
1160 619 1221 662 σου
1244 597 1402 666 desivisse

276 703 412 782 apparet
441 715 459 762 e
487 695 692 785 μιμβραφύιγ
722 697 969 781 Asistophsnoo.
1014 695 1209 782 βεμβλόιυν·
1240 693 1401 777 ’ἰχθύδιον

276 791 400 862 λεπτόν
424 795 499 862 Hes.
522 801 571 861 est
593 793 707 862 eedem
730 816 794 862 vox
823 795 1082 879 pronuntiatione
1103 793 1223 860 mutili.

361 890 591 976 βεμ-βρός·
628 898 873 978 τετυφωμένος,
911 891 1059 976 πόρετος
1087 892 1163 960 Hes.
1200 889 1240 956 ef.
1277 887 1403 974 βεβρός

360 1085 750 1170 βομ-βοιλαόόνας·
780 1084 953 1164 ἐνιαυτούς
976 1086 1052 1154 Hes.

360 1181 648 1268 βομ-βρόζων·
681 1182 907 1271 τονθορύζων.
928 1189 1020 1269 βοῶν
1042 1183 1118 1252 Hes.
1141 1190 1244 1250 ortum
1267 1201 1342 1250 esso
1362 1201 1406 1248 ex

275 1279 491 1367 βορβορύζων
521 1288 608 1350 rente
634 1282 770 1350 fortasse
797 1282 978 1366 suspicatus
1000 1289 1048 1348 est
1069 1282 1170 1348 Maur.
1193 1279 1406 1360 Schmidtins,

276 1383 335 1448 etsi
356 1377 547 1465 βσρβορυγή
571 1379 606 1446 id
627 1387 750 1446 tantum
774 1378 932 1462 signifieat
946 1379 1032 1461 quod
1053 1375 1250 1467 κορκορυγή.
1282 1379 1405 1466 ἐ’βρυζε

273 1485 382 1545 eutem
405 1477 491 1561 quod
512 1478 630 1561 legitur
650 1476 769 1542 Archil.
791 1477 828 1542 lr.
852 1479 893 1542 32
921 1476 1056 1544 fortasse
1078 1483 1261 1560 corruptum
1282 1477 1407 1562 signifi·

276 1574 403 1640 natione
440 1573 556 1640 differt.
614 1575 727 1656 Neque
768 1571 872 1638 audeo
910 1572 1088 1656 dijudicare
1123 1574 1220 1642 hinne
1256 1583 1407 1660 spectent

275 1671 403 1754 glossae
425 1671 488 1737 hee
503 1671 745 1756 Hesychienae:
768 1669 988 1756 βρυαλιγμόν·
1013 1669 1140 1756 ψόφον.
1164 1661 1246 1757 ἦχον
1267 1679 1301 1738 et
1324 1679 1407 1759 βρυ-

277 1767 425 1850 αλικται,
456 1767 497 1834 de
524 1788 587 1851 quo
616 1787 700 1851 quse
726 1767 788 1832 viri
816 1766 901 1834 doeti
923 1768 1130 1852 nonjeeerunt
1150 1771 1282 1854 collegit
1305 1770 1407 1855 Berg-

275 1865 350 1930 kius
372 1863 416 1930 ad
437 1864 571 1932 Stesieh.
595 1864 632 1930 lr.
656 1867 705 1930 79.
738 1899 780 1910 -
817 1863 912 1932 Unde
940 1864 1202 1950 βσμβρυνόζειν·
1232 1867 1407 1951 βρενθύε-

277 1966 364 2028 σθαι
386 1962 462 2030 Hes.

360 2056 642 2144 γαγ-γαλ·λζω
665 2079 695 2124 v.
718 2079 750 2142 p.
772 2062 845 2124 313.

359 2153 579 2240 γόγ-γλιαν
601 2175 772 2222 nervorum
794 2155 898 2222 nodus
919 2155 1049 2240 (νεύρου
1073 2157 1271 2244 συστροφῇ).

359 2253 613 2339 γόγ-γραινα
649 2253 768 2320 ossium
804 2253 916 2318 caries.
974 2253 1065 2333 Quen
1099 2273 1171 2320 eum
1209 2257 1409 2343 φαγέδαινα

275 2373 401 2437 qnoque
435 2357 467 2419 et
495 2348 627 2437 liqclw'v
656 2357 801 2432 vetetur,
840 2351 1008 2433 Legerlotz
1037 2351 1104 2416 KZ.
1130 2357 1185 2429 10,
1215 2357 1278 2419 378
1314 2356 1409 2422 haud

275 2452 385 2534 inepte
407 2448 534 2514 videtur
555 2448 730 2514 contulisse
750 2446 991 2532 Hesychianum
1012 2455 1094 2533 γρᾶ·
1127 2446 1217 2535 φάγε
1247 2458 1279 2517 et
1307 2452 1408 2537 γράα

275 2547 371 2616 edere
393 2545 518 2627 (Calli,
552 2546 699 2629 quemvis
726 2543 844 2611 radicis
871 2567 934 2628 γαρ
954 2546 1097 2629 genuina
1118 2547 1253 2612 vorandi
1275 2549 1322 2614 sit
1346 2551 1408 2616 vis.
1484 2551 1485 2588 l

359 2641 652 2728 γιγ-γλισμός·
673 2641 902 2727 γαργαλισμὸς
924 2638 994 2708 αἰντὸ
1015 2650 1148 2728 χειριῦυ,
1170 2644 1277 2728 γέλως
1293 2641 1408 2732 (Hes.)

275 2741 314 2808 nl.
337 2739 524 2826 γαργαλίζον
546 2737 734 2823 γαγγαλίζω
756 2738 897 2804 titillare.

359 2837 568 2923 γλγ-γλος·
596 2841 698 2913 νᾶνος
719 2837 796 2902 Hes.
818 2835 858 2914 (λ)

361 2933 624 3020 γλγ-γλυμος·
648 2928 666 2997 o‘
691 2931 922 3022 στρεφόμενος
943 2930 1077 3021 γόμφος
1100 2931 1157 3000 ἐπὶ
1181 2940 1248 3000 τῶν
1271 2939 1407 3022 θυρῶν.

276 3034 332 3100 καλ
366 3031 425 3099 ε’ττὶ
458 3037 518 3097 τσῦ
551 3027 714 3116 θώρακος
749 3030 783 3096 οἱ
819 3042 990 3117 στροφαῖς.
1038 3033 1095 3097 καὶ
1119 3028 1320 3119 ζφιλήματος
1359 3030 1409 3102 εἶ-

276 3129 344 3208 δος.
367 3130 443 3195 Hes.
914 3182 917 3197 .

169 3235 175 3246 ‘
361 3225 707 3311 γιγ-γρα-σ-μός·
745 3213 834 3312 ἦχος.
870 3231 1021 3311 γόγγρος·
1058 3222 1190 3313 αόλημό
1222 3251 1273 3309 τι,
1311 3223 1406 3312 ὅπερ

276 3324 361 3391 ἔνιοι
383 3329 566 3408 γίγγραν.
600 3321 634 3387 οἱ
657 3321 694 3390 δὲ
718 3320 819 3390 αύλοῦ
835 3329 942 3408 γένος.
970 3327 1132 3410 γιγγρίαι·
1160 3320 1257 3388 αὐλοὶ
1271 3331 1405 3406 μικροί.

275 3420 335 3500 (Of.
358 3419 443 3504 quod
465 3421 499 3486 in
527 3421 617 3488 libris
645 3422 682 3486 R.
706 3421 744 3486 V.
766 3421 884 3505 legitur
912 3441 1069 3505 ρονραυσι
1100 3421 1242 3504 ‚,Leute,
1277 3421 1405 3489 Harfe“
1481 3417 1482 3420 ’

276 3521 441 3594 Grassm.l.
485 3516 580 3584 Unde
602 3517 721 3602 prodiit
741 3523 899 3603 γιγγρί·
929 3514 1136 3604 λαιφώνημό
1157 3543 1190 3584 τι
1212 3516 1272 3586 ἐπὶ
1295 3543 1404 3584 κατα-

275 3613 426 3702 μωκήσει
450 3613 639 3700 λεγόμενον.
672 3618 727 3682 καὶ
751 3610 843 3693 εἶδος
866 3611 967 3682 αὐλοῦ
989 3615 1065 3682 Hes.

370 3711 658 3797 γογ-γρύζειν·
686 3709 916 3796 τονθορύζειν.
938 3709 977 3776 τὸ
999 3711 1060 3789 τὰς
1081 3705 1120 3790 ig
1143 3723 1267 3800 φωνεῖν
1292 3763 1299 3777 .
1322 3762 1332 3778 .
1359 3765 1368 3780 .
1393 3765 1400 3780 .

276 3807 314 3873 τό
345 3807 426 3874 αύτὸ
456 3812 513 3875 καὶ
541 3810 705 3896 γρυλλζειν
733 3810 865 3894 λέγεται
897 3815 941 3881 (et
965 3806 1110 3896 γρύζειν)
1139 3811 1226 3893 Hele,
1252 3811 1399 3894 γογγρύ-

273 3902 335 3971 Ισαι
361 3906 458 3972 idem.
501 3907 548 3971 Ol.
570 3905 708 3994 γρύλλη·
741 3900 808 3970 ύῶν
832 3903 946 3991 φωνή,
976 3909 1119 3992 γρυλίων
1142 3915 1174 3974 et
1195 3905 1350 3993 γρύλλος·
1378 3904 1397 3972 ό

273 4014 398 4090 χοῖρος.
