2972 4868
157 1704 289 1788 Duplici
318 1707 413 1776 modo
445 1708 478 1774 in
509 1728 606 1776 voces
635 1708 814 1793 duplicatas
842 1709 960 1792 inquiri
988 1717 1110 1794 potest,
1143 1716 1199 1776 aut

77 1799 119 1864 ite
140 1808 174 1866 ut
195 1802 316 1870 formas
338 1807 477 1873 maxime
506 1813 686 1890 spectemus
692 1855 701 1888 ,
735 1813 791 1874 aut
818 1816 852 1872 ut
874 1806 1123 1892 significationes
1146 1827 1201 1874 ex-

77 1897 247 1978 plorentur.
291 1901 355 1966 Sed
379 1905 524 1986 quamvis
546 1905 655 1987 magni
684 1905 725 1970 sit
746 1907 899 1970 momenti
921 1911 957 1970 ut
979 1911 1136 1970 statuatur
1158 1904 1199 1970 de

77 1995 250 2064 rationibus
282 1998 550 2083 significationum
578 2021 657 2084 quas
689 2003 846 2085 praebent
879 2003 980 2068 verba
1008 2009 1040 2068 et
1068 2002 1199 2068 nomina

76 2093 194 2164 Graeca
216 2099 381 2165 intensiva
408 2098 624 2184 causativa¹)‚
657 2099 807 2165 iterativa
832 2099 996 2179 durativa,
1028 2099 1197 2182 imitativa,

76 2211 280 2278 quaecunque
308 2195 426 2262 radicis
459 2196 675 2280 duplicatione
706 2196 780 2262 ficta
808 2202 898 2276 sunt,
932 2202 1041 2260 tamen
1069 2196 1103 2262 id
1132 2218 1198 2262 non

74 2291 156 2364 satis,
180 2313 351 2376 possumus
385 2296 513 2377 assequi
537 2314 617 2359 eam
655 2294 828 2378 praecipue
861 2294 901 2358 ob
938 2312 1084 2374 causam,
1122 2295 1198 2376 quia

73 2390 236 2456 nominum
251 2391 485 2474 duplicatorum
501 2391 674 2458 maximum
690 2410 857 2458 numerum
879 2409 944 2454 non
967 2390 1196 2472 exquisivimus

72 2484 236 2570 radicitus3
260 2495 483 2554 sexcentarum
498 2489 594 2571 igitur
608 2507 714 2554 rerum
730 2508 785 2554 cur
804 2487 968 2570 duplicata
982 2486 1047 2554 sint
1066 2489 1198 2553 nomina

71 2601 132 2648 non
155 2584 218 2650 erit
240 2585 294 2666 qui
312 2584 408 2650 dicat.
438 2588 476 2652 In
498 2584 747 2669 significationes
768 2591 875 2652 autem
896 2583 1066 2648 verborum
1080 2571 1195 2668 'dupli-

70 2686 211 2746 catorum
228 2683 411 2764 inquirendi
424 2682 550 2746 initium
565 2681 641 2748 iecit
652 2681 901 2747 dorlandus:
924 2680 1113 2763 „Intensiva
1128 2681 1195 2746 und

70 2775 224 2846 Iterativa
253 2779 320 2844 nnd
348 2780 397 2844 ihr
427 2779 629 2844 Verbaltniss
662 2801 700 2844 zu
729 2777 917 2846 einander.“
968 2779 1193 2862 Leipa.1869‚

69 2875 119 2956 qui
148 2897 340 2960 persuasum
368 2877 467 2943 habet
501 2876 630 2958 linguae
666 2876 946 2959 indogermanicae
983 2895 1065 2957 quae
1101 2897 1195 2942 voca·

68 2977 116 3036 tm·
136 2995 203 3040 non
234 2975 334 3040 luisse
359 2974 460 3040 verba
488 2973 649 3038 intensiva
678 2973 735 3040 sed
760 2973 909 3041 iterativa
942 2982 1067 3042 tantum
1094 2975 1195 3060 prius-

68 3087 160 3148 quam
183 3072 299 3154 lingua
320 3072 477 3137 senscrita
497 3071 600 3136 latina
622 3073 691 3138 rell.
714 3071 790 3137 inde
814 3066 994 3157 orerentur}
1023 3093 1117 3156 quem
1140 3091 1195 3138 cur

67 3165 180 3234 falsum
204 3188 277 3236 esse
299 3174 408 3252 putem
430 3169 464 3232 in
486 3168 589 3234 libelli
611 3167 674 3234 fine
696 3189 866 3254 exponam.
911 3171 1003 3250 Quae
1024 3169 1194 3236 difficultas

65 3264 209 3330 radicum
233 3263 526 3348 cognoscendarum
549 3266 648 3332 etiam
669 3267 703 3331 in
726 3287 764 3333 eo
787 3269 873 3351 quod
895 3267 1001 3335 conati
1028 3287 1137 3334 sumus
1158 3267 1193 3330 in

66 3362 172 3428 varias
196 3383 312 3428 vocum
335 3362 568 3444 duplicatarum
598 3363 716 3430 formas
743 3365 955 3448 investigare,
988 3384 1105 3446 magno
1134 3363 1194 3428 tuit

65 3456 313 3544 impedimento;
336 3461 506 3524 multorum
529 3461 613 3526 enim
630 3468 663 3525 et
677 3463 840 3528 nominum
863 3469 896 3528 et
917 3463 1087 3528 verborum
1110 3480 1192 3544 quae

133 3676 152 3737 ¹)
171 3673 271 3728 Verbis
291 3671 548 3726 desiderativis
572 3673 755 3744 duplicatione
771 3673 844 3730 fictis
862 3674 953 3743 lingua
969 3690 1068 3744 graeca
1084 3673 1191 3730 videtur

65 3766 171 3814 carere;
191 3769 256 3808 nam
265 3752 379 3806 duorum
391 3752 531 3806 verborum
543 3752 703 3828 rcrdcnoprn
713 3754 795 3808 telum
804 3754 913 3808 intendo
923 3755 941 3810 i.
951 3771 972 3810 e.
983 3755 1062 3810 ferire
1079 3759 1191 3826 (τυχεῖν)

64 3835 141 3901 cupio
172 3840 201 3887 ct
230 3827 427 3900 ἀποδιδράσκω
453 3831 486 3885 de
510 3849 562 3900 quo
594 3833 629 3887 cf.
652 3833 751 3887 Buttm.
776 3833 940 3902 A.Gr.112‚
964 3839 1027 3902 302,
1057 3835 1097 3889 vis
1118 3835 1190 3892 desi·

64 3911 183 3967 derativa
207 3913 314 3968 videtur
337 3918 398 3966 orta
422 3927 480 3966 esse
497 3911 559 3966 inde
581 3913 653 3982 quod
675 3914 701 3966 vi
722 3914 862 3968 intensiva·
880 3920 991 3969 auctum
1014 3921 1056 3969 est
1076 3917 1190 3971 verbnm

63 3991 308 4049 incohativum.
333 3991 449 4061 Reliqua
467 3999 556 4047 autem
572 3995 654 4048 verba
670 3993 847 4050 desiderativa
864 4009 962 4064 graeca
976 4010 992 4049 e
1006 3996 1091 4052 futuri
1104 3997 1189 4066 stirpe

63 4078 156 4127 coorta
175 4077 255 4126 sunt:
277 4072 417 4141 γελασείω.
836 4081 844 4088 ‘

930 4162 983 4213 19*
