3020 4866
344 452 386 508 De
404 451 529 510 infinitivi
545 457 697 524 temporum
715 467 767 509 usu
784 453 967 525 Thucydideo.
1199 455 1216 518 7

100 627 199 695 Anab.
222 626 265 710 ΙΙ,
284 633 313 711 4,
329 625 385 713 22)
408 628 477 694 vel:
500 627 557 694 τὸν
581 626 697 711 ἕτερον
719 625 830 712 λαβὼν
853 623 946 708 ἄπει,
968 623 1016 694 ἵν’
1041 625 1148 716 ἔλθῃς
1169 628 1215 716 μὴ

99 725 201 814 μάτην
214 726 662 810 (Aristoph.Ran.1415)vel:
677 726 814 810 λέγουσι
829 725 867 794 δέ
883 750 974 804 τινες
988 727 1045 792 κα)
1060 724 1216 794 ἑκούσιον

102 822 264 909 φαρμάκῳ
288 820 483 890 ἀποθανεῖν
498 819 598 896 αὐτὸν
616 821 730 908 (Thuc.
746 825 772 902 Ι,
791 828 860 908 138,
877 823 923 910 5).
952 824 1065 908 Neque
1086 845 1216 911 possum

97 920 208 990 infitias
222 922 280 1004 ire,
295 922 403 989 verbis
417 918 671 1004 ὖιιαπέμψαιεν,
688 921 803 1008 ἔλθῃς,
820 918 1012 988 ἀποθανεῖν
1027 921 1112 988 facta
1126 942 1217 1008 prae·

97 1019 185 1085 terite
213 1019 368 1104 indicari3
397 1019 603 1087 nihilominus
631 1039 714 1102 quae
741 1039 840 1104 supra
869 1018 909 1086 de
936 1019 1054 1086 aoristo
1084 1019 1217 1106 ejusque

98 1115 195 1184 modis
218 1117 398 1201 disputavi,
428 1137 504 1184 vere
533 1116 619 1183 dicta
647 1135 719 1184 esse
746 1137 932 1201 persuasum
962 1117 1077 1184 habeo.
1121 1117 1217 1186 Unde

98 1221 198 1280 autem
213 1214 281 1298 fiat,
297 1221 332 1280 ut
346 1215 443 1298 modi,
459 1216 605 1298 quamvis
618 1221 791 1298 augmento
806 1221 946 1297 careant,
962 1221 1071 1282 tamen
1084 1216 1216 1284 notione

99 1313 256 1396 praeteriti
284 1313 429 1380 instructi
457 1313 536 1396 sint,
571 1313 691 1396 optime
718 1313 867 1398 exposuit
894 1311 1019 1380 Curtius
1042 1313 1216 1398 (Tempora

98 1409 159 1475 und
180 1410 270 1476 Modi
292 1431 366 1494 pag.
390 1415 452 1477 238
471 1417 564 1494 sqq.),
586 1429 659 1475 eum
681 1409 726 1476 sic
748 1409 970 1476 ratiocinatur:
994 1409 1129 1492 „Indcm
1147 1411 1215 1480 sich

98 1509 197 1575 neben
238 1508 314 1574 dom
347 1507 517 1574 einfachen
545 1509 653 1574 Aorist
681 1505 829 1592 (ἔλαβον)
858 1507 925 1574 und
955 1506 1019 1574 den
1047 1509 1216 1578 einiachon

97 1605 195 1673 Modis
226 1625 304 1672 vom
335 1605 448 1671 minen
470 1605 593 1672 Stamm
616 1602 777 1688 (λάβοιμι)
804 1604 863 1669 mit
895 1603 952 1671 der
980 1605 1050 1672 Zeit
1081 1607 1139 1674 der
1165 1628 1216 1674 au·

98 1709 379 1786 sammengesetate
406 1702 473 1768 und
502 1703 556 1770 die
582 1707 933 1786 zusammengesetatcn
954 1701 1042 1770 Modi
1063 1702 1214 1789 (ἕιαψαν,

96 1799 248 1886 ιύψαιμι)
272 1799 428 1882 bildeten,
450 1799 559 1866 indem
574 1800 643 1866 sich
658 1799 777 1868 hierittr
791 1801 864 1868 eine
878 1799 1042 1868 monacho
1056 1801 1216 1887 Analogia

98 1897 136 1963 im
163 1898 276 1980 Activ,
311 1897 451 1964 Medium
480 1897 547 1963 und
575 1897 688 1964 Passiv
716 1897 955 1980 herausstellte,
986 1897 1120 1966 tuderto
1147 1901 1215 1966 sich

99 1996 236 2064 offenbar
268 1994 327 2061 das
349 1994 566 2062 Bewusstsein
595 1993 652 2060 der
673 1995 817 2079 Sprache
838 1995 948 2062 selbst.
992 1997 1058 2061 Dor
1079 1997 1215 2080 Spraoh·

100 2093 382 2176 geistvormochte
411 2112 446 2159 es
473 2099 553 2158 trctz
582 2092 640 2159 dos
662 2092 837 2160 iehlenden
858 2094 1055 2176 Augmentcs
1076 2092 1214 2178 λάβοιμι

99 2193 150 2256 mit
170 2189 303 2275 ἔλαβον,
325 2188 472 2274 τύψαιμι
493 2190 551 2255 mit
573 2187 693 2273 ἕτυψα,
715 2195 856 2277 corceles
878 2191 937 2256 mit
951 2189 1077 2279 ἐτύπην
1092 2213 1131 2257 zu
1145 2212 1215 2260 vor·

100 2287 247 2358 biuden.“

176 2384 312 2453 Maximi
339 2403 415 2450 vcro
449 2385 602 2451 momenti
633 2384 676 2450 ad
708 2386 792 2451 hunc
824 2406 916 2452 usum
949 2385 1161 2453 excolendum
1183 2396 1237 2455 et,

102 2483 326 2569 divulgandum
348 2482 407 2547 init
427 2501 529 2564 genus
550 2482 632 2548 illud
655 2482 808 2575 cratonis
830 2484 996 2566 obliquae,
1020 2503 1062 2550 ex
1084 2505 1148 2578 quo
1168 2485 1214 2551 in-

100 2581 232 2648 finitivus
260 2579 327 2646 rim
357 2577 448 2646 verbi
475 2578 555 2644 finiti
575 2580 705 2661 ascivit,
736 2581 807 2645 dico
835 2582 1053 2646 accusativum
1074 2599 1146 2646 cum
1167 2581 1214 2646 in-

100 2679 224 2748 finitive.
270 2677 350 2744 eum
378 2684 485 2743 autem
508 2675 548 2742 de
571 2675 666 2759 hujus
694 2683 870 2743 structurae
898 2677 1021 2761 origine
1051 2675 1214 2764 disputare

100 2785 244 2844 anostra
273 2774 462 2864 quaestione
489 2773 630 2839 alienum
652 2773 739 2855 ιιι),
768 2775 829 2840 hoe
858 2781 982 2841 tantum
1003 2794 1135 2856 moneo,
1163 2795 1215 2842 ac-

101 2877 268 2941 curativum
291 2893 362 2938 cum
383 2871 541 2936 infinitivo
563 2869 787 2938 secundariam
809 2893 881 2940 esse
904 2879 1108 2955 structuram,
1132 2893 1214 2957 quac

102 2991 117 3038 e
143 2972 295 3057 simplicis
324 2968 473 3035 infinitivi
500 2987 560 3034 usu
588 2970 748 3052 manavit,
777 2970 935 3054 simulque
955 2969 1057 3052 addo,
1086 2989 1139 3037 me
1160 2991 1214 3037 no-

102 3069 212 3136 tionem
234 3069 322 3134 illius
344 3066 482 3133 nominis
504 3067 741 3149 angustioribus
770 3087 864 3151 quam
886 3069 983 3152 vulgo
1004 3067 1039 3133 fit
1060 3068 1213 3136 limitibus

102 3165 235 3246 definire.
278 3165 352 3232 Jam
375 3165 566 3231 Kuehuerus
582 3163 739 3248 (Gramm.
755 3167 852 3250 ampl.
868 3165 920 3231 ed.
934 3185 1040 3232 novae
1055 3171 1073 3242 ξ
1090 3171 1161 3248 475,
1178 3163 1211 3251 3)

102 3262 188 3330 docet
209 3261 471 3345 distinguendam
493 3281 564 3328 osse
587 3281 658 3328 eam
680 3282 763 3346 quae
783 3281 859 3329 vere
880 3262 1054 3329 accusativi
1076 3281 1146 3326 cum
1167 3263 1214 3329 in·

102 3358 215 3428 finitivo
238 3359 428 3427 constructio
452 3364 501 3425 est
521 3359 562 3424 ab
585 3359 658 3440 illa,
682 3380 765 3444 quae
785 3359 912 3426 videtur
933 3379 1018 3426 esse:
1041 3359 1134 3440 „Vou
1158 3360 1214 3428 der

103 3459 281 3526 eruthnten
304 3455 526 3524 Construction
555 3455 613 3523 des
634 3457 709 3523 Acc.
737 3458 795 3522 mit
817 3456 890 3523 dem
911 3456 988 3537 Inf.‚
1018 3457 1052 3521 in
1074 3457 1213 3524 welcher

103 3553 155 3622 der
174 3555 345 3624 Accusativ
367 3555 427 3621 das
450 3551 564 3638 Object
585 3554 674 3621 eines
696 3555 885 3622 transitiven
899 3553 1000 3620 Verbo
1022 3553 1125 3622 bildet
1145 3554 1212 3622 und

165 3749 185 3814 ²)
204 3748 312 3814 Omnia,
337 3762 406 3816 quae
428 3746 461 3804 de
484 3747 536 3802 hee
559 3746 759 3804 constructione
782 3761 799 3802 a
821 3746 883 3803 uiris
907 3745 994 3802 doctis
1017 3745 1123 3817 prolata
1140 3751 1211 3812 sunt,

104 3838 229 3884 unacum
246 3828 374 3900 exemplis
383 3827 531 3884 Homericis
550 3827 769 3884 examinaverunt
786 3827 857 3882 etin
874 3842 957 3882 unum
972 3825 1211 3896 locumcongesse·

106 3910 163 3960 runt
183 3907 294 3964 Carolus
318 3907 448 3964 Albrecht
470 3907 511 3964 De
534 3907 682 3963 accusativi
706 3924 729 3962 c.
753 3906 800 3962 inf.
824 3907 961 3978 conjuncti
984 3907 1085 3978 origine
1109 3913 1136 3962 et
1161 3923 1212 3962 usu

105 3979 238 4044 Homerico
263 3989 338 4044 stud.
356 3988 416 4044 Vol.
434 3987 472 4042 IV
499 3993 526 4043 et
548 3987 656 4043 Curtius
681 3987 812 4043 Henricus
834 3985 972 4043 Fleischer
994 3987 1036 4042 De
1060 3986 1211 4058 primordiis

106 4067 186 4129 graeci
202 4069 346 4126 accusativi
364 4085 386 4125 c.
404 4068 452 4124 ini.
471 4083 503 4124 ac
520 4068 650 4138 peculiari
667 4068 726 4138 ejus
744 4083 795 4123 usu
812 4065 955 4124 Homerico
973 4067 1015 4135 (Iu.
1036 4071 1119 4135 1870).
