<?xml version="1.0" encoding="UTF-8"?>
<!DOCTYPE html PUBLIC "-//W3C//DTD XHTML 1.0 Transitional//EN"
    "http://www.w3.org/TR/xhtml1/DTD/xhtml1-transitional.dtd">
<html xmlns="http://www.w3.org/1999/xhtml" xml:lang="en" lang="en">
 <head>
  <title>
</title>
<meta http-equiv="Content-Type" content="text/html;charset=utf-8" />
  <meta name='ocr-system' content='tesseract 3.04.00' />
  <meta name='ocr-capabilities' content='ocr_page ocr_carea ocr_par ocr_line ocrx_word'/>
</head>
<body>
  <div class='ocr_page' id='page_1' title='image "./studienzurgriec02vanigoog_0118.png"; bbox 0 0 2958 4868; ppageno 0'>
   <div class='ocr_carea' id='block_1_1' title="bbox 270 471 884 534">
    <p class='ocr_par' dir='ltr' id='par_1_1' title="bbox 270 471 884 534">
     <span class='ocr_line' id='line_1_1' title="bbox 270 471 884 534; baseline -0.007 -2"><span class='ocrx_word' id='word_1_1' title='bbox 270 471 330 534; x_wconf 85' lang='lat'><strong>108</strong></span> <span class='ocrx_word' id='word_1_2' title='bbox 774 473 884 530; x_wconf 80' lang='lat' dir='ltr'><strong>Fritsch</strong></span> 
     </span>
    </p>
   </div>
   <div class='ocr_carea' id='block_1_2' title="bbox 263 642 1470 2488">
    <p class='ocr_par' dir='ltr' id='par_1_2' title="bbox 355 642 559 722">
     <span class='ocr_line' id='line_1_2' title="bbox 355 642 559 722; baseline 0.005 -12"><span class='ocrx_word' id='word_1_3' title='bbox 355 649 383 712; x_wconf 89' lang='grc'><strong>7.</strong></span> <span class='ocrx_word' id='word_1_4' title='bbox 428 642 559 722; x_wconf 86' lang='grc' dir='ltr'><strong><em>-σσόος.</em></strong></span> 
     </span>
    </p>

    <p class='ocr_par' dir='ltr' id='par_1_3' title="bbox 266 741 1470 1124">
     <span class='ocr_line' id='line_1_3' title="bbox 351 741 1470 830; baseline 0.003 -20"><span class='ocrx_word' id='word_1_5' title='bbox 351 743 515 827; x_wconf 80' lang='lat' dir='ltr'><strong>Adjectivi</strong></span> <span class='ocrx_word' id='word_1_6' title='bbox 545 741 733 826; x_wconf 83' lang='grc' dir='ltr'><strong><em>όορυσσόος</em></strong></span> <span class='ocrx_word' id='word_1_7' title='bbox 761 749 909 827; x_wconf 85' lang='lat' dir='ltr'><strong>correpta</strong></span> <span class='ocrx_word' id='word_1_8' title='bbox 937 742 1040 810; x_wconf 77' lang='lat' dir='ltr'><strong>dorma</strong></span> <span class='ocrx_word' id='word_1_9' title='bbox 1068 747 1158 810; x_wconf 90' lang='lat' dir='ltr'><strong>nullo</strong></span> <span class='ocrx_word' id='word_1_10' title='bbox 1185 747 1256 812; x_wconf 90' lang='lat' dir='ltr'><strong>loco</strong></span> <span class='ocrx_word' id='word_1_11' title='bbox 1279 752 1388 830; x_wconf 82' lang='lat' dir='ltr'><strong>exstat,</strong></span> <span class='ocrx_word' id='word_1_12' title='bbox 1469 765 1470 770; x_wconf 70' lang='grc'>’</span> 
     </span>
     <span class='ocr_line' id='line_1_4' title="bbox 266 838 1389 927; baseline -0.002 -17"><span class='ocrx_word' id='word_1_13' title='bbox 266 843 325 910; x_wconf 87' lang='lat' dir='ltr'><strong>scd</strong></span> <span class='ocrx_word' id='word_1_14' title='bbox 346 859 465 907; x_wconf 89' lang='lat' dir='ltr'><strong>nemen</strong></span> <span class='ocrx_word' id='word_1_15' title='bbox 486 841 651 925; x_wconf 84' lang='lat' dir='ltr'><strong>proprium</strong></span> <span class='ocrx_word' id='word_1_16' title='bbox 673 838 860 924; x_wconf 65' lang='lat' dir='ltr'><strong>Aduatucos,</strong></span> <span class='ocrx_word' id='word_1_17' title='bbox 883 840 970 923; x_wconf 88' lang='lat' dir='ltr'><strong>quod</strong></span> <span class='ocrx_word' id='word_1_18' title='bbox 992 843 1068 925; x_wconf 90' lang='lat' dir='ltr'><strong>quin</strong></span> <span class='ocrx_word' id='word_1_19' title='bbox 1087 841 1274 926; x_wconf 80' lang='grc' dir='ltr'><strong><em>δορυσσόον</em></strong></span> <span class='ocrx_word' id='word_1_20' title='bbox 1298 844 1389 927; x_wconf 83' lang='lat' dir='ltr'><strong>signi·</strong></span> 
     </span>
     <span class='ocr_line' id='line_1_5' title="bbox 266 937 1389 1026; baseline 0.002 -20"><span class='ocrx_word' id='word_1_21' title='bbox 266 941 339 1008; x_wconf 89' lang='lat' dir='ltr'><strong>ficet</strong></span> <span class='ocrx_word' id='word_1_22' title='bbox 360 960 427 1005; x_wconf 90' lang='lat' dir='ltr'><strong>non</strong></span> <span class='ocrx_word' id='word_1_23' title='bbox 448 946 534 1005; x_wconf 86' lang='lat' dir='ltr'><strong>recte</strong></span> <span class='ocrx_word' id='word_1_24' title='bbox 556 938 726 1004; x_wconf 80' lang='lat' dir='ltr'>addubitat</span> <span class='ocrx_word' id='word_1_25' title='bbox 747 939 879 1004; x_wconf 87' lang='lat' dir='ltr'><strong>Lobeok</strong></span> <span class='ocrx_word' id='word_1_26' title='bbox 903 937 1009 1023; x_wconf 86' lang='lat' dir='ltr'><strong>(Path.</strong></span> <span class='ocrx_word' id='word_1_27' title='bbox 1026 942 1076 1006; x_wconf 83' lang='lat' dir='ltr'><strong>El.</strong></span> <span class='ocrx_word' id='word_1_28' title='bbox 1093 941 1118 1022; x_wconf 93' lang='grc' dir='ltr'><strong>Ι,</strong></span> <span class='ocrx_word' id='word_1_29' title='bbox 1136 939 1229 1026; x_wconf 85' lang='lat'>318);</span> <span class='ocrx_word' id='word_1_30' title='bbox 1252 941 1286 1006; x_wconf 93' lang='lat' dir='ltr'><strong>id</strong></span> <span class='ocrx_word' id='word_1_31' title='bbox 1310 943 1389 1008; x_wconf 87' lang='lat' dir='ltr'><strong>onim</strong></span> 
     </span>
     <span class='ocr_line' id='line_1_6' title="bbox 267 1034 1276 1124; baseline -0.001 -19"><span class='ocrx_word' id='word_1_32' title='bbox 267 1059 308 1106; x_wconf 80' lang='lat' dir='ltr'><strong>ex</strong></span> <span class='ocrx_word' id='word_1_33' title='bbox 329 1035 525 1123; x_wconf 86' lang='grc' dir='ltr'><strong><em>Δορυσσόος</em></strong></span> <span class='ocrx_word' id='word_1_34' title='bbox 548 1042 651 1102; x_wconf 84' lang='lat' dir='ltr'><strong>ortum</strong></span> <span class='ocrx_word' id='word_1_35' title='bbox 674 1043 723 1102; x_wconf 84' lang='lat' dir='ltr'><strong>est</strong></span> <span class='ocrx_word' id='word_1_36' title='bbox 745 1043 780 1102; x_wconf 87' lang='lat' dir='ltr'><strong>ut</strong></span> <span class='ocrx_word' id='word_1_37' title='bbox 800 1034 944 1124; x_wconf 78' lang='grc' dir='ltr'><strong><em>Βόηθος</em></strong></span> <span class='ocrx_word' id='word_1_38' title='bbox 966 1057 1008 1102; x_wconf 84' lang='lat' dir='ltr'><strong>ex</strong></span> <span class='ocrx_word' id='word_1_39' title='bbox 1029 1036 1193 1124; x_wconf 74' lang='grc' dir='ltr'><strong><em>Βοηθόος</em></strong></span> <span class='ocrx_word' id='word_1_40' title='bbox 1215 1047 1276 1105; x_wconf 87' lang='lat' dir='ltr'><strong>cet.</strong></span> 
     </span>
    </p>

    <p class='ocr_par' dir='ltr' id='par_1_4' title="bbox 352 1133 539 1216">
     <span class='ocr_line' id='line_1_7' title="bbox 352 1133 539 1216; baseline -0.021 -14"><span class='ocrx_word' id='word_1_41' title='bbox 352 1139 381 1202; x_wconf 85' lang='lat'><strong>8.</strong></span> <span class='ocrx_word' id='word_1_42' title='bbox 426 1133 539 1216; x_wconf 64' lang='grc' dir='ltr'><strong>-χόος.ι</strong></span> 
     </span>
    </p>

    <p class='ocr_par' dir='ltr' id='par_1_5' title="bbox 263 1229 1392 1708">
     <span class='ocr_line' id='line_1_8' title="bbox 351 1229 1390 1320; baseline -0.001 -22"><span class='ocrx_word' id='word_1_43' title='bbox 351 1233 550 1320; x_wconf 88' lang='grc' dir='ltr'><strong><em>Χροσσχόος</em></strong></span> <span class='ocrx_word' id='word_1_44' title='bbox 579 1230 734 1316; x_wconf 73' lang='lat' dir='ltr'><strong>adjectivi</strong></span> <span class='ocrx_word' id='word_1_45' title='bbox 755 1232 937 1298; x_wconf 90' lang='lat' dir='ltr'><strong>vocativum</strong></span> <span class='ocrx_word' id='word_1_46' title='bbox 958 1229 1122 1315; x_wconf 83' lang='grc' dir='ltr'><em>χρυσοχόε</em></span> <span class='ocrx_word' id='word_1_47' title='bbox 1150 1233 1290 1315; x_wconf 83' lang='lat' dir='ltr'><strong>legimus</strong></span> <span class='ocrx_word' id='word_1_48' title='bbox 1313 1253 1341 1300; x_wconf 87' lang='lat' dir='ltr'><strong>e.</strong></span> <span class='ocrx_word' id='word_1_49' title='bbox 1362 1253 1390 1316; x_wconf 82' lang='lat' dir='ltr'><strong>g.</strong></span> 
     </span>
     <span class='ocr_line' id='line_1_9' title="bbox 263 1328 1390 1414; baseline -0.001 -17"><span class='ocrx_word' id='word_1_50' title='bbox 263 1332 299 1397; x_wconf 95' lang='lat' dir='ltr'><strong>in</strong></span> <span class='ocrx_word' id='word_1_51' title='bbox 321 1332 377 1397; x_wconf 84' lang='lat' dir='ltr'><strong>Ar.</strong></span> <span class='ocrx_word' id='word_1_52' title='bbox 406 1332 483 1414; x_wconf 87' lang='lat' dir='ltr'><strong>Lys.</strong></span> <span class='ocrx_word' id='word_1_53' title='bbox 511 1351 542 1394; x_wconf 90' lang='lat' dir='ltr'><strong>v.</strong></span> <span class='ocrx_word' id='word_1_54' title='bbox 565 1332 644 1408; x_wconf 76' lang='lat' dir='ltr'><strong>tos,</strong></span> <span class='ocrx_word' id='word_1_55' title='bbox 679 1330 864 1411; x_wconf 82' lang='lat' dir='ltr'>genetivum</span> <span class='ocrx_word' id='word_1_56' title='bbox 892 1328 1079 1413; x_wconf 84' lang='grc' dir='ltr'><strong><em>χρυσοχόου</em></strong></span> <span class='ocrx_word' id='word_1_57' title='bbox 1112 1329 1199 1414; x_wconf 86' lang='lat' dir='ltr'><strong>apud</strong></span> <span class='ocrx_word' id='word_1_58' title='bbox 1225 1332 1321 1398; x_wconf 88' lang='lat' dir='ltr'><strong>Dern.</strong></span> <span class='ocrx_word' id='word_1_59' title='bbox 1350 1351 1390 1396; x_wconf 89' lang='lat' dir='ltr'><strong>or.</strong></span> 
     </span>
     <span class='ocr_line' id='line_1_10' title="bbox 267 1423 1392 1512; baseline 0.002 -18"><span class='ocrx_word' id='word_1_60' title='bbox 267 1428 352 1494; x_wconf 84' lang='grc' dir='ltr'><strong><em>κατὰ</em></strong></span> <span class='ocrx_word' id='word_1_61' title='bbox 373 1426 524 1494; x_wconf 77' lang='grc' dir='ltr'><strong><em>Μειδίου</em></strong></span> <span class='ocrx_word' id='word_1_62' title='bbox 545 1431 617 1504; x_wconf 84' lang='grc'><strong>520,</strong></span> <span class='ocrx_word' id='word_1_63' title='bbox 643 1431 691 1505; x_wconf 87' lang='grc'><strong>16,</strong></span> <span class='ocrx_word' id='word_1_64' title='bbox 715 1427 933 1494; x_wconf 77' lang='lat' dir='ltr'><strong>accusativum</strong></span> <span class='ocrx_word' id='word_1_65' title='bbox 954 1423 1158 1512; x_wconf 86' lang='grc' dir='ltr'><strong><em>χρυσοχόους</em></strong></span> <span class='ocrx_word' id='word_1_66' title='bbox 1180 1429 1214 1493; x_wconf 88' lang='lat' dir='ltr'><strong>in</strong></span> <span class='ocrx_word' id='word_1_67' title='bbox 1229 1429 1392 1496; x_wconf 83' lang='lat' dir='ltr'><strong>Plutarchi</strong></span> 
     </span>
     <span class='ocr_line' id='line_1_11' title="bbox 266 1523 1391 1610; baseline 0.001 -19"><span class='ocrx_word' id='word_1_68' title='bbox 266 1525 402 1610; x_wconf 84' lang='lat' dir='ltr'><strong>scriptis.</strong></span> <span class='ocrx_word' id='word_1_69' title='bbox 447 1523 544 1609; x_wconf 78' lang='lat' dir='ltr'><strong>Apud</strong></span> <span class='ocrx_word' id='word_1_70' title='bbox 566 1523 725 1589; x_wconf 81' lang='lat' dir='ltr'><strong>Galenum</strong></span> <span class='ocrx_word' id='word_1_71' title='bbox 754 1525 808 1603; x_wconf 76' lang='lat' dir='ltr'>(II,</span> <span class='ocrx_word' id='word_1_72' title='bbox 832 1528 904 1607; x_wconf 83' lang='grc'>717,</span> <span class='ocrx_word' id='word_1_73' title='bbox 928 1529 960 1601; x_wconf 93' lang='grc'><strong>2)</strong></span> <span class='ocrx_word' id='word_1_74' title='bbox 989 1525 1118 1591; x_wconf 87' lang='lat' dir='ltr'><strong>demum</strong></span> <span class='ocrx_word' id='word_1_75' title='bbox 1140 1532 1172 1591; x_wconf 87' lang='lat' dir='ltr'><strong>et</strong></span> <span class='ocrx_word' id='word_1_76' title='bbox 1194 1525 1292 1610; x_wconf 61' lang='grc' dir='ltr'><strong>(ἔτος.</strong></span> <span class='ocrx_word' id='word_1_77' title='bbox 1316 1527 1391 1594; x_wconf 79' lang='lat' dir='ltr'><strong>Nea</strong></span> 
     </span>
     <span class='ocr_line' id='line_1_12' title="bbox 263 1619 889 1708; baseline 0.002 -20"><span class='ocrx_word' id='word_1_78' title='bbox 263 1620 449 1708; x_wconf 86' lang='grc' dir='ltr'><strong><em>χρυσοχόος</em></strong></span> <span class='ocrx_word' id='word_1_79' title='bbox 471 1623 505 1686; x_wconf 93' lang='lat' dir='ltr'><strong>in</strong></span> <span class='ocrx_word' id='word_1_80' title='bbox 524 1619 690 1705; x_wconf 91' lang='grc' dir='ltr'><strong><em>χρυσοχός</em></strong></span> <span class='ocrx_word' id='word_1_81' title='bbox 713 1623 889 1706; x_wconf 88' lang='lat' dir='ltr'><strong>corripitur.</strong></span> 
     </span>
    </p>

    <p class='ocr_par' dir='ltr' id='par_1_6' title="bbox 352 1724 546 1802">
     <span class='ocr_line' id='line_1_13' title="bbox 352 1724 546 1802; baseline -0.015 -17"><span class='ocrx_word' id='word_1_82' title='bbox 352 1724 381 1785; x_wconf 83' lang='lat'><strong>9.</strong></span> <span class='ocrx_word' id='word_1_83' title='bbox 418 1743 546 1802; x_wconf 81' lang='grc' dir='ltr'><strong><em>-χροος,</em></strong></span> 
     </span>
    </p>

    <p class='ocr_par' dir='ltr' id='par_1_7' title="bbox 265 1816 1393 2294">
     <span class='ocr_line' id='line_1_14' title="bbox 353 1816 1391 1905; baseline -0.001 -21"><span class='ocrx_word' id='word_1_84' title='bbox 353 1817 432 1884; x_wconf 83' lang='lat' dir='ltr'><strong>Cum</strong></span> <span class='ocrx_word' id='word_1_85' title='bbox 457 1818 527 1900; x_wconf 85' lang='lat' dir='ltr'><strong>jam</strong></span> <span class='ocrx_word' id='word_1_86' title='bbox 555 1837 652 1900; x_wconf 87' lang='lat' dir='ltr'><strong>snpra</strong></span> <span class='ocrx_word' id='word_1_87' title='bbox 685 1819 716 1896; x_wconf 62' lang='grc' dir='ltr'><strong>(ξ</strong></span> <span class='ocrx_word' id='word_1_88' title='bbox 739 1821 768 1900; x_wconf 88' lang='grc'><strong>2,</strong></span> <span class='ocrx_word' id='word_1_89' title='bbox 792 1817 825 1900; x_wconf 88' lang='lat'><strong>8)</strong></span> <span class='ocrx_word' id='word_1_90' title='bbox 857 1816 1031 1883; x_wconf 85' lang='lat' dir='ltr'><strong>viderimus</strong></span> <span class='ocrx_word' id='word_1_91' title='bbox 1059 1817 1093 1882; x_wconf 93' lang='lat' dir='ltr'><strong>in</strong></span> <span class='ocrx_word' id='word_1_92' title='bbox 1118 1819 1253 1884; x_wconf 89' lang='lat' dir='ltr'><strong>vocibus</strong></span> <span class='ocrx_word' id='word_1_93' title='bbox 1279 1816 1391 1905; x_wconf 80' lang='grc' dir='ltr'><strong><em>ἀχρής,</em></strong></span> 
     </span>
     <span class='ocr_line' id='line_1_15' title="bbox 265 1913 1391 2002; baseline -0.001 -20"><span class='ocrx_word' id='word_1_94' title='bbox 265 1913 453 2002; x_wconf 77' lang='grc' dir='ltr'><strong><em>μελαγχρής</em></strong></span> <span class='ocrx_word' id='word_1_95' title='bbox 481 1915 626 1980; x_wconf 83' lang='lat' dir='ltr'><strong>vocalem</strong></span> <span class='ocrx_word' id='word_1_96' title='bbox 654 1915 794 1997; x_wconf 82' lang='lat' dir='ltr'><strong>aliquam</strong></span> <span class='ocrx_word' id='word_1_97' title='bbox 824 1914 917 1996; x_wconf 86' lang='lat' dir='ltr'><strong>elidi,</strong></span> <span class='ocrx_word' id='word_1_98' title='bbox 952 1937 1016 1980; x_wconf 90' lang='lat' dir='ltr'><strong>non</strong></span> <span class='ocrx_word' id='word_1_99' title='bbox 1044 1916 1159 1980; x_wconf 88' lang='lat' dir='ltr'><strong>mirum</strong></span> <span class='ocrx_word' id='word_1_100' title='bbox 1185 1923 1233 1982; x_wconf 89' lang='lat' dir='ltr'><strong>est</strong></span> <span class='ocrx_word' id='word_1_101' title='bbox 1261 1916 1391 2000; x_wconf 89' lang='lat' dir='ltr'><strong>qnodo</strong></span> 
     </span>
     <span class='ocr_line' id='line_1_16' title="bbox 266 2013 1393 2097; baseline -0.002 -17"><span class='ocrx_word' id='word_1_102' title='bbox 266 2014 391 2097; x_wconf 89' lang='lat' dir='ltr'><strong>ejicitur</strong></span> <span class='ocrx_word' id='word_1_103' title='bbox 413 2014 446 2076; x_wconf 93' lang='lat' dir='ltr'><strong>in</strong></span> <span class='ocrx_word' id='word_1_104' title='bbox 468 2013 639 2096; x_wconf 83' lang='lat' dir='ltr'><strong>adjectivis</strong></span> <span class='ocrx_word' id='word_1_105' title='bbox 661 2014 695 2076; x_wconf 90' lang='lat' dir='ltr'><strong>in</strong></span> <span class='ocrx_word' id='word_1_106' title='bbox 717 2035 794 2089; x_wconf 90' lang='grc' dir='ltr'><strong><em>-οος</em></strong></span> <span class='ocrx_word' id='word_1_107' title='bbox 815 2013 858 2077; x_wconf 87' lang='lat' dir='ltr'><strong>ab</strong></span> <span class='ocrx_word' id='word_1_108' title='bbox 880 2013 994 2080; x_wconf 83' lang='lat' dir='ltr'><strong>cadom</strong></span> <span class='ocrx_word' id='word_1_109' title='bbox 1017 2013 1115 2096; x_wconf 84' lang='lat' dir='ltr'><strong>stirpe</strong></span> <span class='ocrx_word' id='word_1_110' title='bbox 1138 2013 1306 2081; x_wconf 86' lang='lat' dir='ltr'><strong>derivatis.</strong></span> <span class='ocrx_word' id='word_1_111' title='bbox 1344 2013 1393 2080; x_wconf 83' lang='lat' dir='ltr'><strong>Sic</strong></span> 
     </span>
     <span class='ocr_line' id='line_1_17' title="bbox 265 2107 1390 2195; baseline -0.002 -19"><span class='ocrx_word' id='word_1_112' title='bbox 265 2112 367 2177; x_wconf 81' lang='lat' dir='ltr'><strong>habes</strong></span> <span class='ocrx_word' id='word_1_113' title='bbox 398 2111 541 2194; x_wconf 82' lang='lat' dir='ltr'><strong>Hesychi</strong></span> <span class='ocrx_word' id='word_1_114' title='bbox 577 2111 735 2193; x_wconf 81' lang='lat' dir='ltr'><strong>glossam:</strong></span> <span class='ocrx_word' id='word_1_115' title='bbox 772 2107 994 2195; x_wconf 75' lang='grc' dir='ltr'><strong><em>ἀμείψιχρσν·</em></strong></span> <span class='ocrx_word' id='word_1_116' title='bbox 1031 2109 1287 2192; x_wconf 78' lang='grc' dir='ltr'><strong><em>μεταβάλλοντα</em></strong></span> <span class='ocrx_word' id='word_1_117' title='bbox 1312 2163 1320 2177; x_wconf 94' lang='grc'><strong>.</strong></span> <span class='ocrx_word' id='word_1_118' title='bbox 1344 2161 1352 2176; x_wconf 94' lang='grc'><strong>.</strong></span> <span class='ocrx_word' id='word_1_119' title='bbox 1374 2159 1390 2193; x_wconf 84' lang='grc'><strong>.,</strong></span> 
     </span>
     <span class='ocr_line' id='line_1_18' title="bbox 265 2207 1392 2294; baseline -0.003 -19"><span class='ocrx_word' id='word_1_120' title='bbox 265 2211 311 2276; x_wconf 83' lang='lat' dir='ltr'><strong>sio</strong></span> <span class='ocrx_word' id='word_1_121' title='bbox 332 2209 469 2292; x_wconf 81' lang='lat' dir='ltr'><strong>legimus</strong></span> <span class='ocrx_word' id='word_1_122' title='bbox 491 2207 526 2272; x_wconf 91' lang='lat' dir='ltr'><strong>in</strong></span> <span class='ocrx_word' id='word_1_123' title='bbox 547 2208 608 2291; x_wconf 82' lang='lat' dir='ltr'><strong>Ap.</strong></span> <span class='ocrx_word' id='word_1_124' title='bbox 631 2208 692 2272; x_wconf 87' lang='lat' dir='ltr'><strong>Rh.</strong></span> <span class='ocrx_word' id='word_1_125' title='bbox 709 2213 738 2288; x_wconf 87' lang='grc'><strong>4,</strong></span> <span class='ocrx_word' id='word_1_126' title='bbox 754 2211 816 2273; x_wconf 86' lang='grc'><strong>359</strong></span> <span class='ocrx_word' id='word_1_127' title='bbox 838 2208 1003 2294; x_wconf 71' lang='grc' dir='ltr'><strong><em>μελιχραὶ,</em></strong></span> <span class='ocrx_word' id='word_1_128' title='bbox 1025 2209 1060 2273; x_wconf 89' lang='lat' dir='ltr'><strong>in</strong></span> <span class='ocrx_word' id='word_1_129' title='bbox 1082 2209 1154 2273; x_wconf 86' lang='lat' dir='ltr'><strong>Dio.</strong></span> <span class='ocrx_word' id='word_1_130' title='bbox 1177 2208 1268 2276; x_wconf 77' lang='lat' dir='ltr'><strong>(lass</strong></span> <span class='ocrx_word' id='word_1_131' title='bbox 1286 2215 1339 2292; x_wconf 85' lang='lat'><strong>51,</strong></span> <span class='ocrx_word' id='word_1_132' title='bbox 1358 2212 1392 2273; x_wconf 83' lang='lat' dir='ltr'><strong>m</strong></span> 
     </span>
    </p>

    <p class='ocr_par' dir='ltr' id='par_1_8' title="bbox 264 2301 1393 2488">
     <span class='ocr_line' id='line_1_19' title="bbox 292 2301 1393 2390; baseline 0.002 -20"><span class='ocrx_word' id='word_1_133' title='bbox 292 2303 406 2388; x_wconf 83' lang='grc' dir='ltr'><strong><em>ελιχρὰ</em></strong></span> <span class='ocrx_word' id='word_1_134' title='bbox 442 2301 542 2388; x_wconf 56' lang='lat' dir='ltr'><strong>datm</strong></span> <span class='ocrx_word' id='word_1_135' title='bbox 578 2306 756 2388; x_wconf 87' lang='lat' dir='ltr'><strong>pleniorem</strong></span> <span class='ocrx_word' id='word_1_136' title='bbox 789 2305 923 2370; x_wconf 85' lang='lat' dir='ltr'><strong>formam</strong></span> <span class='ocrx_word' id='word_1_137' title='bbox 961 2306 1140 2390; x_wconf 79' lang='grc' dir='ltr'><strong><em>μελίχροος</em></strong></span> <span class='ocrx_word' id='word_1_138' title='bbox 1173 2307 1320 2374; x_wconf 74' lang='lat' dir='ltr'><strong>Galeam</strong></span> <span class='ocrx_word' id='word_1_139' title='bbox 1354 2326 1393 2372; x_wconf 83' lang='lat' dir='ltr'><strong>ex</strong></span> 
     </span>
     <span class='ocr_line' id='line_1_20' title="bbox 264 2329 1392 2488; baseline 0.002 -20"><span class='ocrx_word' id='word_1_140' title='bbox 264 2329 461 2488; x_wconf 48' lang='lat' dir='ltr'><strong>dippocrate</strong></span> <span class='ocrx_word' id='word_1_141' title='bbox 493 2403 595 2469; x_wconf 81' lang='lat' dir='ltr'><strong>affert.</strong></span> <span class='ocrx_word' id='word_1_142' title='bbox 638 2403 770 2469; x_wconf 87' lang='lat' dir='ltr'><strong>Addere</strong></span> <span class='ocrx_word' id='word_1_143' title='bbox 797 2403 894 2469; x_wconf 86' lang='lat' dir='ltr'><strong>liceat</strong></span> <span class='ocrx_word' id='word_1_144' title='bbox 922 2423 1039 2469; x_wconf 89' lang='lat' dir='ltr'><strong>nomen</strong></span> <span class='ocrx_word' id='word_1_145' title='bbox 1067 2404 1231 2488; x_wconf 87' lang='lat' dir='ltr'><strong>proprium</strong></span> <span class='ocrx_word' id='word_1_146' title='bbox 1253 2405 1392 2488; x_wconf 80' lang='grc' dir='ltr'><strong><em>Μέλαγ-</em></strong></span> 
     </span>
    </p>
   </div>
   <div class='ocr_carea' id='block_1_3' title="bbox 263 2499 1391 2682">
    <p class='ocr_par' dir='ltr' id='par_1_9' title="bbox 263 2499 1391 2682">
     <span class='ocr_line' id='line_1_21' title="bbox 263 2499 1391 2664; baseline 0.001 -97"><span class='ocrx_word' id='word_1_147' title='bbox 263 2525 346 2664; x_wconf 57' lang='grc' dir='ltr'><strong><em>χρος</em></strong></span> <span class='ocrx_word' id='word_1_148' title='bbox 367 2499 652 2664; x_wconf 52' lang='grc' dir='ltr'><strong><em>οιΒΜεέάγχροσς</em></strong></span> <span class='ocrx_word' id='word_1_149' title='bbox 675 2507 871 2584; x_wconf 86' lang='lat' dir='ltr'><strong>correptum,</strong></span> <span class='ocrx_word' id='word_1_150' title='bbox 905 2500 991 2584; x_wconf 90' lang='lat' dir='ltr'><strong>quod</strong></span> <span class='ocrx_word' id='word_1_151' title='bbox 1013 2503 1150 2584; x_wconf 85' lang='lat' dir='ltr'><strong>legimus</strong></span> <span class='ocrx_word' id='word_1_152' title='bbox 1171 2502 1207 2568; x_wconf 92' lang='lat' dir='ltr'><strong>in</strong></span> <span class='ocrx_word' id='word_1_153' title='bbox 1227 2502 1391 2568; x_wconf 87' lang='lat' dir='ltr'><strong>Alcmanis</strong></span> 
     </span>
     <span class='ocr_line' id='line_1_22' title="bbox 277 2603 555 2682; baseline 0 -18"><span class='ocrx_word' id='word_1_154' title='bbox 277 2622 301 2665; x_wconf 85' lang='lat' dir='ltr'><strong>n.</strong></span> <span class='ocrx_word' id='word_1_155' title='bbox 326 2603 363 2664; x_wconf 84' lang='lat'><strong>21</strong></span> <span class='ocrx_word' id='word_1_156' title='bbox 390 2605 398 2675; x_wconf 86' lang='lat'><strong>(</strong></span> <span class='ocrx_word' id='word_1_157' title='bbox 430 2618 485 2682; x_wconf 83' lang='lat' dir='ltr'><strong>erg</strong></span> <span class='ocrx_word' id='word_1_158' title='bbox 521 2603 555 2676; x_wconf 85' lang='grc'><strong>3).</strong></span> 
     </span>
    </p>
   </div>
   <div class='ocr_carea' id='block_1_4' title="bbox 524 2833 1138 2913">
    <p class='ocr_par' dir='ltr' id='par_1_10' title="bbox 524 2833 1138 2913">
     <span class='ocr_line' id='line_1_23' title="bbox 524 2833 1138 2913; baseline -0.003 -12"><span class='ocrx_word' id='word_1_159' title='bbox 524 2843 542 2913; x_wconf 61' lang='grc' dir='ltr'>ᾗ</span> <span class='ocrx_word' id='word_1_160' title='bbox 566 2841 595 2901; x_wconf 85' lang='grc'><strong>5.</strong></span> <span class='ocrx_word' id='word_1_161' title='bbox 639 2837 698 2902; x_wconf 83' lang='lat' dir='ltr'><strong>Du</strong></span> <span class='ocrx_word' id='word_1_162' title='bbox 720 2833 961 2902; x_wconf 84' lang='lat' dir='ltr'>NOMINIBUS</span> <span class='ocrx_word' id='word_1_163' title='bbox 984 2835 1032 2899; x_wconf 86' lang='grc' dir='ltr'><strong>ΙΝ</strong></span> <span class='ocrx_word' id='word_1_164' title='bbox 1053 2857 1138 2912; x_wconf 87' lang='grc' dir='ltr'><strong><em>-εος.</em></strong></span> 
     </span>
    </p>
   </div>
   <div class='ocr_carea' id='block_1_5' title="bbox 229 2988 1390 4152">
    <p class='ocr_par' dir='ltr' id='par_1_11' title="bbox 229 2988 1390 4152">
     <span class='ocr_line' id='line_1_24' title="bbox 351 2988 1390 3072; baseline 0.002 -17"><span class='ocrx_word' id='word_1_165' title='bbox 351 2989 394 3055; x_wconf 89' lang='lat' dir='ltr'><strong>Ut</strong></span> <span class='ocrx_word' id='word_1_166' title='bbox 415 2990 547 3054; x_wconf 86' lang='lat' dir='ltr'><strong>nomina</strong></span> <span class='ocrx_word' id='word_1_167' title='bbox 562 2989 596 3053; x_wconf 92' lang='lat' dir='ltr'><strong>in</strong></span> <span class='ocrx_word' id='word_1_168' title='bbox 618 3012 694 3066; x_wconf 86' lang='grc' dir='ltr'><strong><em>-οος</em></strong></span> <span class='ocrx_word' id='word_1_169' title='bbox 715 2989 928 3072; x_wconf 85' lang='lat' dir='ltr'><strong>corripiuntur</strong></span> <span class='ocrx_word' id='word_1_170' title='bbox 948 2989 982 3053; x_wconf 91' lang='lat' dir='ltr'><strong>in</strong></span> <span class='ocrx_word' id='word_1_171' title='bbox 1004 3012 1061 3065; x_wconf 89' lang='grc' dir='ltr'><strong>-σς</strong></span> <span class='ocrx_word' id='word_1_172' title='bbox 1082 2988 1195 3071; x_wconf 85' lang='lat' dir='ltr'><strong>lingua</strong></span> <span class='ocrx_word' id='word_1_173' title='bbox 1211 2988 1284 3072; x_wconf 88' lang='lat' dir='ltr'><strong>jam</strong></span> <span class='ocrx_word' id='word_1_174' title='bbox 1302 3009 1390 3057; x_wconf 78' lang='lat' dir='ltr'><strong>sene</strong></span> 
     </span>
     <span class='ocr_line' id='line_1_25' title="bbox 265 3085 1389 3169; baseline -0.001 -17"><span class='ocrx_word' id='word_1_175' title='bbox 265 3093 390 3169; x_wconf 87' lang='lat' dir='ltr'><strong>scente,</strong></span> <span class='ocrx_word' id='word_1_176' title='bbox 425 3086 471 3152; x_wconf 90' lang='lat' dir='ltr'><strong>sic</strong></span> <span class='ocrx_word' id='word_1_177' title='bbox 493 3087 591 3152; x_wconf 87' lang='lat' dir='ltr'><strong>etiam</strong></span> <span class='ocrx_word' id='word_1_178' title='bbox 619 3087 751 3151; x_wconf 86' lang='lat' dir='ltr'><strong>nomina</strong></span> <span class='ocrx_word' id='word_1_179' title='bbox 779 3091 812 3151; x_wconf 86' lang='lat' dir='ltr'><strong>in</strong></span> <span class='ocrx_word' id='word_1_180' title='bbox 835 3110 910 3163; x_wconf 84' lang='grc' dir='ltr'><strong><em>-εος</em></strong></span> <span class='ocrx_word' id='word_1_181' title='bbox 938 3085 1283 3165; x_wconf 62' lang='lat' dir='ltr'><strong>(eructuatum.</strong></span> <span class='ocrx_word' id='word_1_182' title='bbox 1307 3091 1389 3164; x_wconf 81' lang='lat'>251),</span> 
     </span>
     <span class='ocr_line' id='line_1_26' title="bbox 265 3176 1388 3270; baseline 0 -20"><span class='ocrx_word' id='word_1_183' title='bbox 265 3205 396 3268; x_wconf 85' lang='lat' dir='ltr'><strong>quonum</strong></span> <span class='ocrx_word' id='word_1_184' title='bbox 420 3184 483 3249; x_wconf 89' lang='lat' dir='ltr'><strong>hae</strong></span> <span class='ocrx_word' id='word_1_185' title='bbox 504 3183 625 3249; x_wconf 88' lang='lat' dir='ltr'><strong>formae</strong></span> <span class='ocrx_word' id='word_1_186' title='bbox 648 3191 793 3250; x_wconf 83' lang='lat' dir='ltr'><strong>exstant:</strong></span> <span class='ocrx_word' id='word_1_187' title='bbox 831 3176 1064 3270; x_wconf 78' lang='grc' dir='ltr'><strong><em>ἀνθηφσιυικό</em></strong></span> <span class='ocrx_word' id='word_1_188' title='bbox 1093 3184 1212 3261; x_wconf 90' lang='lat' dir='ltr'><strong>(Diosc.</strong></span> <span class='ocrx_word' id='word_1_189' title='bbox 1235 3185 1313 3250; x_wconf 86' lang='lat' dir='ltr'><strong>Mat.</strong></span> <span class='ocrx_word' id='word_1_190' title='bbox 1336 3183 1388 3260; x_wconf 89' lang='lat' dir='ltr'><strong>IV,</strong></span> 
     </span>
     <span class='ocr_line' id='line_1_27' title="bbox 264 3278 1387 3366; baseline -0.003 -17"><span class='ocrx_word' id='word_1_191' title='bbox 264 3303 291 3349; x_wconf 89' lang='lat' dir='ltr'><strong>c.</strong></span> <span class='ocrx_word' id='word_1_192' title='bbox 315 3286 385 3365; x_wconf 84' lang='grc'>35),</span> <span class='ocrx_word' id='word_1_193' title='bbox 419 3279 503 3347; x_wconf 83' lang='grc' dir='ltr'><strong><em>όστό</em></strong></span> <span class='ocrx_word' id='word_1_194' title='bbox 525 3303 582 3365; x_wconf 86' lang='lat' dir='ltr'><strong>pro</strong></span> <span class='ocrx_word' id='word_1_195' title='bbox 607 3278 709 3346; x_wconf 83' lang='grc' dir='ltr'><strong><em>ὀστέα</em></strong></span> <span class='ocrx_word' id='word_1_196' title='bbox 730 3282 764 3346; x_wconf 91' lang='lat' dir='ltr'><strong>in</strong></span> <span class='ocrx_word' id='word_1_197' title='bbox 788 3280 925 3365; x_wconf 90' lang='lat' dir='ltr'><strong>Oppian.</strong></span> <span class='ocrx_word' id='word_1_198' title='bbox 950 3280 1030 3366; x_wconf 80' lang='lat' dir='ltr'><strong>Cyn.</strong></span> <span class='ocrx_word' id='word_1_199' title='bbox 1055 3281 1093 3363; x_wconf 86' lang='lat' dir='ltr'><strong>V,</strong></span> <span class='ocrx_word' id='word_1_200' title='bbox 1118 3283 1179 3346; x_wconf 87' lang='grc'><strong>208</strong></span> <span class='ocrx_word' id='word_1_201' title='bbox 1202 3280 1253 3356; x_wconf 84' lang='lat' dir='ltr'><strong>(cl.</strong></span> <span class='ocrx_word' id='word_1_202' title='bbox 1277 3282 1387 3348; x_wconf 86' lang='lat' dir='ltr'><strong>Lchrs.</strong></span> 
     </span>
     <span class='ocr_line' id='line_1_28' title="bbox 264 3377 1388 3465; baseline -0.004 -19"><span class='ocrx_word' id='word_1_203' title='bbox 264 3387 387 3463; x_wconf 87' lang='lat' dir='ltr'><strong>quaest.</strong></span> <span class='ocrx_word' id='word_1_204' title='bbox 411 3399 462 3463; x_wconf 84' lang='lat' dir='ltr'><strong>cp.</strong></span> <span class='ocrx_word' id='word_1_205' title='bbox 487 3383 571 3462; x_wconf 86' lang='lat'>306),</span> <span class='ocrx_word' id='word_1_206' title='bbox 595 3384 770 3465; x_wconf 80' lang='grc' dir='ltr'><strong><em>πορφυροί</em></strong></span> <span class='ocrx_word' id='word_1_207' title='bbox 792 3381 900 3463; x_wconf 75' lang='lat' dir='ltr'><strong>saepe,</strong></span> <span class='ocrx_word' id='word_1_208' title='bbox 924 3377 1034 3464; x_wconf 80' lang='grc' dir='ltr'><strong><em>σοφός</em></strong></span> <span class='ocrx_word' id='word_1_209' title='bbox 1050 3379 1083 3444; x_wconf 93' lang='lat' dir='ltr'><strong>in</strong></span> <span class='ocrx_word' id='word_1_210' title='bbox 1098 3378 1258 3462; x_wconf 86' lang='lat' dir='ltr'><strong>Lycophr’.</strong></span> <span class='ocrx_word' id='word_1_211' title='bbox 1281 3399 1312 3444; x_wconf 90' lang='lat' dir='ltr'><strong>v.</strong></span> <span class='ocrx_word' id='word_1_212' title='bbox 1330 3381 1388 3443; x_wconf 85' lang='grc'><strong>676</strong></span> 
     </span>
     <span class='ocr_line' id='line_1_29' title="bbox 263 3474 1388 3562; baseline 0 -20"><span class='ocrx_word' id='word_1_213' title='bbox 263 3499 321 3562; x_wconf 91' lang='lat' dir='ltr'><strong>pro</strong></span> <span class='ocrx_word' id='word_1_214' title='bbox 345 3475 488 3562; x_wconf 82' lang='grc' dir='ltr'><strong><em>συφεός,</em></strong></span> <span class='ocrx_word' id='word_1_215' title='bbox 521 3477 669 3559; x_wconf 90' lang='lat' dir='ltr'><strong>quodin</strong></span> <span class='ocrx_word' id='word_1_216' title='bbox 692 3477 785 3542; x_wconf 91' lang='lat' dir='ltr'><strong>Hom.</strong></span> <span class='ocrx_word' id='word_1_217' title='bbox 809 3475 925 3560; x_wconf 90' lang='lat' dir='ltr'><strong>Odyss.</strong></span> <span class='ocrx_word' id='word_1_218' title='bbox 947 3477 1093 3560; x_wconf 84' lang='lat' dir='ltr'><strong>legimus,</strong></span> <span class='ocrx_word' id='word_1_219' title='bbox 1116 3474 1192 3552; x_wconf 80' lang='grc' dir='ltr'><strong><em>ἐτός</em></strong></span> <span class='ocrx_word' id='word_1_220' title='bbox 1216 3495 1272 3558; x_wconf 89' lang='lat' dir='ltr'><strong>pro</strong></span> <span class='ocrx_word' id='word_1_221' title='bbox 1296 3474 1388 3552; x_wconf 83' lang='grc' dir='ltr'><strong><em>ἒσεός</em></strong></span> 
     </span>
     <span class='ocr_line' id='line_1_30' title="bbox 264 3571 1388 3659; baseline -0.004 -17"><span class='ocrx_word' id='word_1_222' title='bbox 264 3597 282 3642; x_wconf 82' lang='lat' dir='ltr'><strong>e</strong></span> <span class='ocrx_word' id='word_1_223' title='bbox 314 3573 469 3659; x_wconf 72' lang='lat' dir='ltr'><strong>*sat-jas</strong></span> <span class='ocrx_word' id='word_1_224' title='bbox 506 3575 685 3641; x_wconf 84' lang='lat' dir='ltr'><strong>derivatum</strong></span> <span class='ocrx_word' id='word_1_225' title='bbox 729 3577 779 3652; x_wconf 83' lang='lat' dir='ltr'><strong>(ef.</strong></span> <span class='ocrx_word' id='word_1_226' title='bbox 819 3575 984 3656; x_wconf 79' lang='lat' dir='ltr'><strong>‚,Grdz.“³</strong></span> <span class='ocrx_word' id='word_1_227' title='bbox 1022 3577 1110 3657; x_wconf 84' lang='grc'>196),</span> <span class='ocrx_word' id='word_1_228' title='bbox 1153 3574 1187 3639; x_wconf 93' lang='lat' dir='ltr'><strong>in</strong></span> <span class='ocrx_word' id='word_1_229' title='bbox 1223 3571 1322 3650; x_wconf 85' lang='grc' dir='ltr'><strong><em>κενός</em></strong></span> <span class='ocrx_word' id='word_1_230' title='bbox 1358 3578 1388 3638; x_wconf 84' lang='lat' dir='ltr'><strong>et</strong></span> 
     </span>
     <span class='ocr_line' id='line_1_31' title="bbox 263 3671 1387 3751; baseline -0.003 -12"><span class='ocrx_word' id='word_1_231' title='bbox 263 3671 380 3748; x_wconf 84' lang='grc' dir='ltr'><strong><em>κενεός</em></strong></span> <span class='ocrx_word' id='word_1_232' title='bbox 403 3672 453 3749; x_wconf 84' lang='lat' dir='ltr'><strong>(cf.</strong></span> <span class='ocrx_word' id='word_1_233' title='bbox 476 3673 519 3738; x_wconf 89' lang='lat' dir='ltr'><strong>ib.</strong></span> <span class='ocrx_word' id='word_1_234' title='bbox 545 3677 628 3751; x_wconf 84' lang='grc'>146).</span> <span class='ocrx_word' id='word_1_235' title='bbox 671 3674 711 3738; x_wconf 93' lang='lat' dir='ltr'><strong>In</strong></span> <span class='ocrx_word' id='word_1_236' title='bbox 732 3673 806 3738; x_wconf 89' lang='lat' dir='ltr'><strong>aliis</strong></span> <span class='ocrx_word' id='word_1_237' title='bbox 827 3671 1009 3738; x_wconf 89' lang='lat' dir='ltr'><strong>nominibus</strong></span> <span class='ocrx_word' id='word_1_238' title='bbox 1031 3671 1163 3738; x_wconf 87' lang='lat' dir='ltr'><strong>Lobeck</strong></span> <span class='ocrx_word' id='word_1_239' title='bbox 1185 3671 1219 3751; x_wconf 82' lang='lat' dir='ltr'><strong>(l.</strong></span> <span class='ocrx_word' id='word_1_240' title='bbox 1242 3675 1281 3748; x_wconf 85' lang='grc' dir='ltr'><strong>ο.)</strong></span> <span class='ocrx_word' id='word_1_241' title='bbox 1304 3677 1387 3737; x_wconf 88' lang='lat' dir='ltr'><strong>recte</strong></span> 
     </span>
     <span class='ocr_line' id='line_1_32' title="bbox 263 3768 1385 3854; baseline -0.004 -18"><span class='ocrx_word' id='word_1_242' title='bbox 263 3770 345 3836; x_wconf 89' lang='lat' dir='ltr'><strong>vidit</strong></span> <span class='ocrx_word' id='word_1_243' title='bbox 366 3791 431 3835; x_wconf 89' lang='lat' dir='ltr'><strong>non</strong></span> <span class='ocrx_word' id='word_1_244' title='bbox 460 3789 641 3854; x_wconf 87' lang='lat' dir='ltr'><strong>syncopen,</strong></span> <span class='ocrx_word' id='word_1_245' title='bbox 670 3770 728 3852; x_wconf 79' lang='lat' dir='ltr'><strong>sed</strong></span> <span class='ocrx_word' id='word_1_246' title='bbox 749 3771 884 3836; x_wconf 88' lang='lat' dir='ltr'><strong>liberam</strong></span> <span class='ocrx_word' id='word_1_247' title='bbox 907 3769 1140 3836; x_wconf 88' lang='lat' dir='ltr'><strong>terminationis</strong></span> <span class='ocrx_word' id='word_1_248' title='bbox 1167 3768 1385 3845; x_wconf 87' lang='lat' dir='ltr'><strong>variationem,</strong></span> 
     </span>
     <span class='ocr_line' id='line_1_33' title="bbox 262 3864 1385 3953; baseline -0.001 -20"><span class='ocrx_word' id='word_1_249' title='bbox 262 3875 298 3933; x_wconf 91' lang='lat' dir='ltr'><strong>ut</strong></span> <span class='ocrx_word' id='word_1_250' title='bbox 334 3868 367 3932; x_wconf 93' lang='lat' dir='ltr'><strong>in</strong></span> <span class='ocrx_word' id='word_1_251' title='bbox 407 3865 519 3953; x_wconf 79' lang='grc' dir='ltr'><strong><em>ἕριυός</em></strong></span> <span class='ocrx_word' id='word_1_252' title='bbox 554 3889 612 3952; x_wconf 89' lang='lat' dir='ltr'><strong>pro</strong></span> <span class='ocrx_word' id='word_1_253' title='bbox 649 3865 796 3952; x_wconf 75' lang='grc' dir='ltr'><strong>ἐρινεός,</strong></span> <span class='ocrx_word' id='word_1_254' title='bbox 841 3869 883 3932; x_wconf 89' lang='lat' dir='ltr'><strong>al.</strong></span> <span class='ocrx_word' id='word_1_255' title='bbox 941 3867 1064 3934; x_wconf 82' lang='lat' dir='ltr'><strong>Eodem</strong></span> <span class='ocrx_word' id='word_1_256' title='bbox 1102 3865 1196 3932; x_wconf 89' lang='lat' dir='ltr'><strong>modo</strong></span> <span class='ocrx_word' id='word_1_257' title='bbox 1233 3864 1385 3950; x_wconf 84' lang='lat' dir='ltr'><strong>explicari</strong></span> 
     </span>
     <span class='ocr_line' id='line_1_34' title="bbox 229 3961 1383 4052; baseline -0.006 -21"><span class='ocrx_word' id='word_1_258' title='bbox 229 3975 234 3984; x_wconf 81' lang='grc'><em>’</em></span> <span class='ocrx_word' id='word_1_259' title='bbox 264 3965 360 4031; x_wconf 83' lang='lat' dir='ltr'><strong>debet</strong></span> <span class='ocrx_word' id='word_1_260' title='bbox 393 3969 545 4050; x_wconf 71' lang='grc' dir='ltr'><strong>(φρένας)</strong></span> <span class='ocrx_word' id='word_1_261' title='bbox 579 3963 639 4052; x_wconf 64' lang='lat' dir='ltr'><strong>sile</strong></span> <span class='ocrx_word' id='word_1_262' title='bbox 672 3969 700 4031; x_wconf 89' lang='lat'><em>0</em></span> <span class='ocrx_word' id='word_1_263' title='bbox 727 3970 786 4032; x_wconf 83' lang='lat'><strong>128</strong></span> <span class='ocrx_word' id='word_1_264' title='bbox 815 3986 873 4049; x_wconf 89' lang='lat' dir='ltr'><strong>pro</strong></span> <span class='ocrx_word' id='word_1_265' title='bbox 905 3970 1058 4052; x_wconf 81' lang='grc' dir='ltr'><strong>(φρένας)</strong></span> <span class='ocrx_word' id='word_1_266' title='bbox 1092 3961 1169 4050; x_wconf 75' lang='grc' dir='ltr'><strong><em>ἠλεέ</em></strong></span> <span class='ocrx_word' id='word_1_267' title='bbox 1196 3969 1219 4046; x_wconf 78' lang='grc' dir='ltr'><em>β</em></span> <span class='ocrx_word' id='word_1_268' title='bbox 1242 3967 1303 4029; x_wconf 81' lang='grc'><strong>243</strong></span> <span class='ocrx_word' id='word_1_269' title='bbox 1334 3961 1383 4045; x_wconf 85' lang='lat' dir='ltr'><strong>(cf.</strong></span> 
     </span>
     <span class='ocr_line' id='line_1_35' title="bbox 264 4061 1383 4152; baseline -0.003 -24"><span class='ocrx_word' id='word_1_270' title='bbox 264 4061 364 4152; x_wconf 80' lang='grc' dir='ltr'><strong><em>ἠλεός</em></strong></span> <span class='ocrx_word' id='word_1_271' title='bbox 388 4062 514 4147; x_wconf 80' lang='grc' dir='ltr'>ξ464),</span> <span class='ocrx_word' id='word_1_272' title='bbox 538 4065 588 4128; x_wconf 87' lang='lat' dir='ltr'><strong>cui</strong></span> <span class='ocrx_word' id='word_1_273' title='bbox 611 4064 743 4129; x_wconf 84' lang='lat' dir='ltr'><strong>Lobcck</strong></span> <span class='ocrx_word' id='word_1_274' title='bbox 767 4061 873 4147; x_wconf 90' lang='lat' dir='ltr'><strong>(Path.</strong></span> <span class='ocrx_word' id='word_1_275' title='bbox 898 4064 946 4127; x_wconf 79' lang='lat' dir='ltr'><strong>El.</strong></span> <span class='ocrx_word' id='word_1_276' title='bbox 970 4063 996 4144; x_wconf 90' lang='grc' dir='ltr'><strong>Ι,</strong></span> <span class='ocrx_word' id='word_1_277' title='bbox 1021 4061 1097 4147; x_wconf 86' lang='grc'><strong>257)</strong></span> <span class='ocrx_word' id='word_1_278' title='bbox 1120 4061 1294 4129; x_wconf 88' lang='lat' dir='ltr'><strong>verisimile</strong></span> <span class='ocrx_word' id='word_1_279' title='bbox 1315 4077 1383 4126; x_wconf 83' lang='lat' dir='ltr'><strong>esse</strong></span> 
     </span>
    </p>
   </div>
   <div class='ocr_carea' id='block_1_6' title="bbox 0 0 1484 4868">
    <p class='ocr_par' dir='ltr' id='par_1_12' title="bbox 0 0 1484 4868">
     <span class='ocr_line' id='line_1_36' title="bbox 0 0 1484 4868; baseline 0 2"><span class='ocrx_word' id='word_1_280' title='bbox 0 0 1484 4868; x_wconf 95' lang='lat' dir='ltr'><strong> </strong></span> 
     </span>
    </p>
   </div>
  </div>
 </body>
</html>
