3020 4866
326 463 369 519 De
385 465 510 520 infinitivi
527 468 678 536 temporum
696 483 747 522 usu
766 465 948 538 Thucydideo.
1164 465 1205 528 37

96 633 178 718 (AB
200 637 226 710 E
250 634 289 722 F)
312 657 371 720 pro
392 641 604 720 τραπέσθαι,
627 637 758 722 quibus,
783 637 903 705 Cobeto
926 645 1066 723 auctore,
1088 659 1129 706 ex
1150 639 1208 708 ali·

95 753 174 798 orum
209 734 397 818 scriptorum
434 735 524 800 libris
553 733 672 800 addam
706 735 1069 820 σογκαιαβιώσασθαι,
1102 761 1208 824 προς-

95 828 252 914 άξασθαι,
288 825 564 898 ὑπακούσεσθαι.
615 835 679 912 „At
686 881 695 916 ,
724 833 847 917 inquiat
876 833 963 917 quis,
996 833 1051 921 hic¹
1077 833 1206 917 quidem

94 925 209 994 codices
227 1011 229 1018 Ι
244 935 353 994 mutuo
386 927 521 996 mendas
549 949 624 996 suas
653 930 823 1016 detegunt3
860 931 919 998 sed
946 933 1000 998 ubi
1029 931 1144 998 mirum
1171 933 1206 998 in

93 1025 211 1091 modum
234 1025 438 1094 consentiunt
458 1032 625 1110 rectasque
647 1027 766 1096 formas
787 1029 952 1112 praebent,
976 1029 1076 1096 veluti
1098 1029 1132 1095 in
1147 1029 1204 1096 illo
1337 1115 1341 1124 ι

93 1123 283 1208 Thucydidis
304 1123 391 1204 loco,
422 1123 502 1188 nihil
525 1130 574 1190 est
596 1125 682 1208 quod
704 1125 905 1194 emendetur:
934 1127 1103 1196 Bekhorus
1126 1145 1207 1194 sane
1256 1175 1259 1184 ,

93 1220 242 1303 ceterique
265 1219 403 1286 editores
425 1219 468 1286 ad
490 1237 588 1286 unum
611 1242 722 1290 omnes
743 1244 809 1288 non
829 1223 899 1290 ausi
914 1231 988 1290 sunt
1002 1223 1207 1290 emendare.“

92 1317 315 1395 Nihilominus,
351 1317 411 1384 etsi
444 1319 646 1384 temerarium
675 1320 802 1386 videtur
831 1321 982 1388 Bekkero
1016 1339 1205 1404 repugnare,

92 1413 185 1482 lacere
207 1437 275 1482 non
296 1435 426 1499 possum
449 1417 525 1500 quin
546 1415 877 1504 αρσιιμιορήσεσθαι
898 1425 1017 1486 mutem
1038 1419 1072 1484 in
1086 1443 1207 1504 προτι-

91 1511 314 1600 μαρήσασθαι
328 1514 489 1580 aoristum.
512 1515 644 1580 Maximi
661 1514 809 1598 equidem
824 1515 968 1582 codicum
984 1517 1207 1583 auctoritatem

91 1610 174 1694 facio,
197 1613 231 1678 in
253 1631 317 1694 qua
339 1618 388 1678 est
410 1603 504 1678 omne
518 1611 760 1678 fundamentum
776 1613 854 1680 artis
869 1613 1007 1696 criticae,
1030 1613 1088 1680 sed
1103 1613 1207 1696 magis

91 1709 152 1774 colo
172 1709 341 1775 rationem.
378 1709 500 1792 Neque,
524 1729 594 1775 cum
616 1711 687 1793 ipse
709 1709 895 1790 Bekkerus‚
918 1709 979 1776 hoe
1000 1717 1206 1796 praeceptum

94 1813 221 1887 secutus,
246 1808 403 1889 neglectis
426 1807 573 1872 omnibus
596 1807 768 1887 codicibus,
784 1807 825 1890 Π,
842 1813 872 1890 4,
894 1811 930 1872 12
945 1807 1207 1892 προβαλλόντων

92 1904 263 1988 scripserit,
293 1903 355 1987 IV,
382 1908 434 1986 93,
471 1909 509 1968 12
540 1901 789 1986 ἀμυνουμένους
818 1904 1006 1987 restituerit,
1035 1905 1112 1970 alibi
1141 1907 1208 1972 alia

92 2001 319 2082 emendaverit,
349 2022 407 2068 nos
436 2001 580 2067 codicum
609 2003 782 2068 auctoritas
810 2002 966 2086 impedire
987 2008 1107 2086 potest,
1131 2023 1207 2086 quo·

90 2100 185 2166 minus
214 2099 276 2180 VI,
307 2103 364 2179 57,
394 2102 413 2162 2
442 2097 774 2185 προτιμωρήσασθαι
801 2101 956 2182 legamus.
1001 2099 1122 2178 Quodsi
1145 2102 1207 2166 hoe

90 2217 178 2262 uuum
200 2195 468 2276 consideraveris,
491 2195 656 2279 βούλομαι
680 2203 711 2264 et
733 2195 844 2274 iddio
861 2198 961 2264 verba
976 2197 1062 2281 apud
1078 2199 1208 2284 Thucy-

90 2293 189 2360 didem
223 2293 488 2377 quadringenties
523 2314 594 2359 oum
624 2294 802 2378 praesentis
829 2295 883 2360 vel
912 2294 1022 2360 coristi
1048 2294 1207 2361 infinitivo

90 2393 241 2476 conjungi,
266 2392 367 2458 semel
390 2411 460 2456 oum
483 2390 587 2457 futuro
609 2393 733 2474 sociari,
756 2413 821 2457 nou
837 2391 1009 2473 dubitabis,
1033 2393 1109 2474 quin
1125 2392 1207 2460 false

92 2487 163 2554 illud
184 2487 448 2576 τιμωρήσεσθαι
470 2489 622 2555 traditum
645 2489 695 2554 sit.

166 2589 231 2670 „ut
256 2581 465 2669 διανοοῦμαι,
489 2586 606 2652 dixerit
628 2586 796 2670 quispiam,
820 2584 987 2669 quinquies
1003 2584 1068 2666 (IV,
1089 2589 1157 2664 115,
1175 2587 1205 2650 2.

96 2689 159 2766 121,
185 2691 212 2750 1.
242 2685 316 2765 VII,
341 2688 391 2767 56,
418 2689 445 2748 1.
469 2683 555 2766 VIII,
580 2688 630 2764 55,
653 2687 683 2747 2.
708 2687 757 2766 74,
782 2686 813 2757 3)
836 2701 906 2747 eum
928 2681 1025 2746 futuri
1046 2679 1205 2748 infinitivo

91 2783 251 2866 copulatur
275 2789 306 2848 et
329 2779 462 2848 διάνοια
485 2771 526 2870 ἦν
549 2780 694 2865 ejusdem
716 2779 837 2846 formae
851 2773 1119 2846 consociationem
1133 2779 1208 2845 iniit

91 2879 147 2962 (IV,
182 2886 233 2962 52,
270 2877 315 2964 2).
367 2881 418 2945 An
452 2879 645 2946 emendandi
678 2883 752 2944 sunt
781 2877 816 2942 hi
848 2877 926 2961 loci3
964 2877 1062 2942 etiam
1097 2876 1205 2943 οἴσειν

91 2976 148 3058 (Ν,
180 2981 252 3060 121,
286 2975 317 3062 1)
338 2977 379 3043 ,in
408 2976 569 3062 ἐνεγκεῖν,
603 2974 734 3062 ἐνήσειν
764 2973 834 3056 (Ν,
872 2979 942 3057 115,
965 2972 999 3059 2)
1022 2975 1056 3040 in
1079 2967 1206 3041 ἐνεῖναι

90 3074 316 3140 mutandum‘?“
338 3075 479 3141 Minime.
502 3075 636 3157 „itaquo
658 3091 788 3157 prorsus
809 3071 896 3138 idem
911 3093 982 3140 esse
997 3092 1119 3148 censes,
1136 3072 1205 3139 sive

91 3187 152 3236 cum
173 3172 300 3254 coristi,
331 3172 400 3238 sive
422 3191 494 3237 cum
515 3171 611 3236 futuri
632 3169 789 3236 infinitivo
812 3170 1025 3253 conjungatur
1048 3168 1205 3234 διανοοῦ-

90 3269 174 3347 μαι.“
215 3270 258 3342 ut
279 3269 340 3334 hoo
362 3288 488 3352 quoque
509 3289 602 3352 nego.
644 3267 725 3334 Sunt
747 3268 832 3335 enim
854 3268 977 3350 aliquot
990 3267 1099 3349 verba,
1122 3287 1205 3350 quae

90 3365 176 3432 simul
204 3373 237 3433 et
259 3365 325 3430 vim
353 3365 482 3432 dicendi
510 3364 714 3449 cogitandive
743 3365 865 3431 habent
887 3371 919 3431 et
940 3365 1040 3430 verba
1061 3362 1204 3450 ἐφετικὰ

92 3481 155 3530 esse
182 3469 333 3549 possunt,
363 3483 495 3546 quorum
518 3463 598 3544 duo,
628 3459 742 3543 ἀξιοῦν
771 3470 803 3528 et
827 3460 989 3543 δικαιοῦν,
1013 3460 1084 3544 jam
1106 3481 1205 3544 supra

91 3563 299 3628 tractavimus.
343 3560 396 3626 Sic
423 3560 598 3645 γιγνώσκω
626 3560 772 3644 primitus
795 3565 843 3626 est
865 3577 1065 3642 cognoscere,
1088 3555 1202 3646 γνώμη

90 3659 257 3734 sententia3
291 3677 362 3722 cum
390 3677 466 3724 vero
493 3657 628 3726 scientia
656 3666 688 3724 et
716 3656 876 3723 sententia
896 3655 991 3721 modo
1012 3653 1047 3719 id
1069 3661 1203 3738 spectet,

91 3755 167 3836 quod
188 3775 266 3822 vere
287 3760 349 3836 est,
372 3754 467 3820 modo
488 3755 586 3836 illud,
616 3753 702 3838 quod
724 3772 795 3819 esse
817 3752 928 3835 debet,
950 3749 1148 3837 γιγνώσκειν
1171 3760 1204 3820 et

91 3849 195 3940 γνώμη
217 3849 539 3944 insignificationem
561 3850 723 3919 statuendi
744 3851 872 3933 abeunt,
887 3849 909 3915 i.
925 3867 953 3915 o.
969 3868 987 3915 e
1001 3849 1099 3915 verbo
1116 3849 1203 3933 cogi-

92 3948 175 4015 tandi
196 3947 307 4017 evadit
334 3949 578 4032 voluntativum,
600 3945 767 4034 ἓφεοικόν.
814 3947 898 4014 Hino
919 3947 1070 4029 sequitur,
1093 3953 1202 4031 111γι-

92 4042 222 4124 γνώσκω
255 4045 336 4114 duas
362 4047 482 4114 habeat
512 4053 703 4114 structuras:
736 4044 791 4112 ubi
819 4045 905 4112 enirn
932 4043 1090 4128 significat
1111 4043 1202 4129 sciro,
