3020 4866
336 435 378 491 De
395 435 519 490 infinitivi
536 440 686 505 temporum
706 451 759 490 usu
776 433 960 505 Thucydideo.
1006 473 1012 490 .
1171 429 1211 491 29

96 603 199 671 εἴκοσι
224 605 371 671 σταδίων
387 604 532 690 μάλιστα
554 613 665 692 μέτρφ
687 611 748 692 τῆς
771 604 949 692 θαλάσσης
975 604 1158 690 διείργεται
1172 603 1211 668 τδ

94 701 136 790 μὴ
159 699 303 790 ἤπειρος
332 698 420 770 εἶναι
446 705 557 789 Ρορρο
592 711 624 771 et
646 705 766 770 codicis
787 703 927 770 Parisini
950 703 979 768 H
1002 705 1159 789 scriptura
1181 709 1213 771 et

94 801 248 885 exemplis
283 822 324 868 ex
351 803 550 887 Thucydidis
582 803 797 869 imitatoribus
825 801 1021 885 depromptis
1048 803 1132 870 bene
1160 801 1213 868 de-

94 900 290 965 monstravit.

175 995 387 1079 ἐμπόδιον
410 1003 602 1084 φένηται-
623 1001 759 1064 θέσθαι
781 999 806 1080 Ι,
830 1002 880 1080 31,
905 1002 935 1064 3.
959 995 1118 1079 ἐμποδὼν
1142 992 1216 1064 tissa

95 1099 191 1181 σφίσι
213 1093 260 1181 μὴ
286 1092 399 1170 αὐτοῖς
421 1101 481 1160 τοῦ
504 1093 611 1182 δήμου
634 1098 784 1178 βεβαίως
806 1092 1014 1180 προεστάναι
1036 1094 1091 1176 VI,
1116 1097 1166 1178 28,
1184 1098 1213 1159 2.

174 1205 525 1292 άποκεκλημένοι
547 1211 713 1289 περιορᾶν
734 1207 789 1288 IV,
814 1209 864 1287 34,
889 1210 918 1270 3.

173 1321 394 1400 παρέσχεν
418 1311 515 1381 ὄκνον
538 1313 582 1400 μὴ
609 1313 725 1380 ἐλθεῖν
747 1315 803 1396 ΙΙΙ,
828 1319 878 1398 39,
903 1319 933 1381 3.
1232 1399 1235 1406 ,

174 1426 272 1507 Loco,
296 1443 389 1508 quem
408 1425 478 1508 jam
501 1445 598 1510 supra
617 1426 833 1506 tractavimus,
857 1427 882 1508 Ι,
907 1429 957 1508 33,
982 1424 1101 1514 3μηδέ
1120 1424 1214 1489 δυοῖν

96 1519 231 1608 φθάσαι
255 1517 449 1607 ἁμάρτωσιν
473 1517 495 1610 ἢ
515 1529 667 1588 κακῶσαι
683 1519 771 1608 ἡμᾶς
788 1517 810 1610 ἢ
825 1529 916 1609 σφᾶς
933 1520 1053 1601 αὐτοὺς
1068 1519 1215 1606 βεβαιώ-

96 1623 224 1685 σασθαι
258 1619 434 1686 infinitivus
471 1622 697 1706 epexegeticus
731 1619 869 1706 φθάσαι
903 1641 921 1686 e
953 1621 985 1684 vi
1017 1619 1216 1704 impediendi

95 1713 268 1802 ἁμάρτωσι
290 1719 388 1784 verbo
411 1717 556 1802 subjecta
577 1717 736 1801 profluxit,
759 1719 805 1783 ita
826 1725 861 1783 ut
882 1739 939 1804 pro
956 1716 1095 1804 φθάσαι
1111 1717 1217 1784 dicere

95 1815 235 1882 licuisset
258 1814 303 1902 μὴ
329 1814 467 1902 φθάσαι
481 1817 534 1882 vei
557 1811 639 1894 δίςτε
661 1815 705 1902 μὴ
725 1813 879 1902 φθάσαιτ
902 1836 966 1900 „ue
980 1815 1133 1882 alterutro
1149 1815 1216 1881 iru-

99 1917 250 1996 strentur‚
281 1919 315 1977 ut
344 1913 431 1996 prius
459 1920 514 1978 aut
536 1913 630 1979 nobis
653 1913 805 1978 damnum
827 1913 980 1996 inferant,
1011 1919 1066 1980 aut
1088 1913 1215 1980 sibimet

97 2007 319 2076 firmitudinem
342 2010 561 2094 comparent.“
583 2010 735 2076 Similiter
756 2011 811 2094 IV,
835 2015 885 2094 64,
909 2015 927 2077 3
953 2010 1046 2076 δυοῖν
1069 2007 1216 2096 άφοθοῖν

99 2104 132 2169 οὖ
165 2105 375 2194 οτερήσομεν
409 2108 580 2188 Σικελίαν,
609 2104 797 2196 Ἀθηναίων
823 2133 859 2174 τε
894 2105 1127 2196 ἀπαλλαγῆναι
1160 2112 1217 2176 καὶ

100 2201 220 2270 οἰκείου
252 2206 402 2287 πολέμου
431 2204 606 2271 infinitivus
634 2205 677 2270 ad
707 2203 913 2292 οτερήσομεν
939 2206 1129 2272 *referendus
1152 2213 1215 2273 est:

101 2300 123 2365 si
158 2323 222 2367 una
260 2323 330 2368 cum
367 2301 492 2368 οἰκείου
529 2304 678 2385 πολέμου
717 2310 802 2369 esset
831 2305 992 2388 appositio
1024 2305 1216 2370 substantivi

102 2395 254 2484 ἀγαθοῖν,
278 2421 349 2465 cum
372 2401 506 2466 articulo
528 2406 589 2465 τοῦ
612 2399 854 2484 conjungendus
876 2408 970 2466 esset.
994 2401 1030 2482 V,
1048 2403 1076 2484 3,
1094 2405 1112 2466 3
1130 2397 1217 2465 ἀπο-

102 2495 183 2578 σχών
211 2495 464 2582 τεσσαράκοντα
492 2495 638 2580 μάλιστα
668 2497 827 2575 σταδίους
854 2496 899 2582 μη
931 2495 1070 2583 φθάσαι
1093 2496 1216 2581 ἕλθιδν,

101 2595 166 2678 VII,
195 2599 253 2678 70,
289 2601 309 2659 4
337 2595 443 2680 βραχὺ
472 2593 534 2679 γὰρ
565 2592 733 2660 ἀπέλιπον
765 2591 1015 2681 ξυναμφότεραι
1045 2593 1219 2661 διακόσιαι

100 2699 268 2774 γενέσθαι,
291 2693 346 2775 IV,
373 2696 443 2776 129,
468 2697 486 2756 5
509 2690 544 2770 ἒς
568 2689 680 2778 ὀλίγον
709 2689 852 2778 άφίκετο
876 2698 944 2757 πᾶν
967 2690 1005 2755 τὸ
1029 2691 1219 2777 στράτευμα

101 2796 161 2854 τιῦν
182 2789 378 2877 Ἀθηναίων
412 2795 611 2878 νικηθῆναι,
648 2790 786 2872 denique
821 2790 909 2872 VIII,
942 2793 992 2872 76,
1027 2794 1044 2855 3
1077 2785 1097 2876 ἢ
1131 2786 1216 2875 παρ’

102 2884 271 2969 ἐλάχιστον
296 2887 336 2974 δὴ
361 2877 447 2974 ἦλθε
470 2885 509 2952 τὸ
522 2886 716 2976 Ἀθηναίων
732 2885 854 2970 κράτος
871 2884 1076 2974 ἀφελέσθαι,
1099 2888 1220 2971 quippe

79 3002 178 3065 ,quae
212 2986 321 3053 omnia
347 2987 490 3052 habeant
517 2986 659 3068 aliquam
687 2986 913 3068 cognationem
941 3005 1013 3052 cum
1034 2985 1141 3051 verbis
1162 2986 1220 3050 im-

104 3083 261 3168 pediendi,
286 3083 461 3150 eorundem
484 3089 663 3150 structurae
684 3083 855 3168 participes
877 3090 959 3150 sunt.

468 3357 498 3432 6)
522 3355 656 3416 VERBA
678 3355 855 3417 SINENDI.

183 3517 378 3586 ἀποδῶσι
399 3529 474 3596 ταῖς
496 3517 618 3585 πόλεσι
639 3518 682 3605 μὴ
708 3524 809 3607 σφίσι
830 3529 905 3594 ταῖς
927 3514 1220 3599 Λακεδαιμονίοις

107 3611 301 3704 ἐπιτηδείως
322 3613 592 3698 αὐτονομεῖσθαι
615 3617 640 3698 Ι,
660 3623 729 3699 144,
746 3621 776 3682 3.
800 3621 919 3702 σφίσιν
934 3611 1125 3680 ἀποδοῦναι
1139 3619 1221 3698 βοο-

106 3711 288 3782 λεδσασθαι
310 3715 369 3797 ΙΙΙ,
393 3716 444 3796 36,
467 3717 497 3778 4.

187 3822 224 3892 οδ
248 3824 267 3889 δ
276 3823 401 3890 ώσειν
425 3823 597 3890 διεκπλεῖν
620 3824 693 3907 VII,
717 3828 767 3906 36,
792 3829 820 3888 5.

186 3919 279 3988 ἐάω.
302 3922 365 3988 Ini.
389 3941 509 4008 praes:
532 3923 558 4004 Ι,
576 3925 626 4005 28,
650 3925 681 3987 2.
704 3925 791 4002 3·5,4
814 3926 931 4004 (praes.
947 3925 979 3986 et
994 3920 1097 4004 peri).
1122 3923 1173 4002 52,
1192 3924 1222 3985 3.

111 4015 157 4098 νο,
178 4021 205 4092 5.
244 4021 314 4102 ιιι,
344 4023 372 4084 a
414 4023 484 4086 raa.
524 4025 593 4100 144,
623 4022 652 4084 ν.
690 4021 740 4102 εν,
773 4023 800 4082 1.
836 4018 879 4100 11,
903 4019 953 4082 ca.
991 4018 1050 4100 111,
1074 4020 1115 4084 48
1138 4018 1222 4097 (tis).

869 4129 885 4160 Ο
