<?xml version="1.0" encoding="UTF-8"?>
<!DOCTYPE html PUBLIC "-//W3C//DTD XHTML 1.0 Transitional//EN"
    "http://www.w3.org/TR/xhtml1/DTD/xhtml1-transitional.dtd">
<html xmlns="http://www.w3.org/1999/xhtml" xml:lang="en" lang="en">
 <head>
  <title>
</title>
<meta http-equiv="Content-Type" content="text/html;charset=utf-8" />
  <meta name='ocr-system' content='tesseract 3.04.00' />
  <meta name='ocr-capabilities' content='ocr_page ocr_carea ocr_par ocr_line ocrx_word'/>
</head>
<body>
  <div class='ocr_page' id='page_1' title='image "./studienzurgriec02vanigoog_0112.png"; bbox 0 0 2958 4868; ppageno 0'>
   <div class='ocr_carea' id='block_1_1' title="bbox 291 497 907 564">
    <p class='ocr_par' dir='ltr' id='par_1_1' title="bbox 291 497 907 564">
     <span class='ocr_line' id='line_1_1' title="bbox 291 497 907 564; baseline -0.016 -1"><span class='ocrx_word' id='word_1_1' title='bbox 291 499 351 564; x_wconf 80' lang='lat'>102</span> <span class='ocrx_word' id='word_1_2' title='bbox 796 497 907 554; x_wconf 84' lang='lat' dir='ltr'>Fritsch</span> 
     </span>
    </p>
   </div>
   <div class='ocr_carea' id='block_1_2' title="bbox 223 667 1413 2416">
    <p class='ocr_par' dir='ltr' id='par_1_2' title="bbox 223 667 1413 2416">
     <span class='ocr_line' id='line_1_2' title="bbox 288 667 1407 754; baseline -0.008 -12"><span class='ocrx_word' id='word_1_3' title='bbox 288 675 506 744; x_wconf 75' lang='lat' dir='ltr'><strong>accusativum</strong></span> <span class='ocrx_word' id='word_1_4' title='bbox 527 671 652 738; x_wconf 88' lang='lat' dir='ltr'>numeri</span> <span class='ocrx_word' id='word_1_5' title='bbox 681 670 863 754; x_wconf 83' lang='lat' dir='ltr'>singularis,</span> <span class='ocrx_word' id='word_1_6' title='bbox 887 675 921 734; x_wconf 89' lang='lat' dir='ltr'>ut</span> <span class='ocrx_word' id='word_1_7' title='bbox 948 670 1033 735; x_wconf 82' lang='grc' dir='ltr'><strong><em>λίπα</em></strong></span> <span class='ocrx_word' id='word_1_8' title='bbox 1056 669 1178 736; x_wconf 85' lang='lat' dir='ltr'>etalio</span> <span class='ocrx_word' id='word_1_9' title='bbox 1203 668 1309 751; x_wconf 84' lang='lat' dir='ltr'>sigma</span> <span class='ocrx_word' id='word_1_10' title='bbox 1330 667 1407 734; x_wconf 91' lang='lat' dir='ltr'>finali</span> 
     </span>
     <span class='ocr_line' id='line_1_3' title="bbox 289 766 1407 852; baseline -0.007 -14"><span class='ocrx_word' id='word_1_11' title='bbox 289 773 453 852; x_wconf 85' lang='lat' dir='ltr'>destituta,</span> <span class='ocrx_word' id='word_1_12' title='bbox 475 771 609 837; x_wconf 84' lang='lat' dir='ltr'>Lobcck</span> <span class='ocrx_word' id='word_1_13' title='bbox 625 771 672 846; x_wconf 89' lang='lat' dir='ltr'>(P.</span> <span class='ocrx_word' id='word_1_14' title='bbox 689 769 740 834; x_wconf 82' lang='lat' dir='ltr'>El.</span> <span class='ocrx_word' id='word_1_15' title='bbox 756 768 782 845; x_wconf 90' lang='grc' dir='ltr'>Ι,</span> <span class='ocrx_word' id='word_1_16' title='bbox 799 771 872 844; x_wconf 90' lang='grc'>232)</span> <span class='ocrx_word' id='word_1_17' title='bbox 895 769 1089 852; x_wconf 62' lang='lat' dir='ltr'>suspicatum</span> <span class='ocrx_word' id='word_1_18' title='bbox 1113 766 1171 834; x_wconf 89' lang='lat' dir='ltr'>sed</span> <span class='ocrx_word' id='word_1_19' title='bbox 1186 767 1407 851; x_wconf 82' lang='lat' dir='ltr'>etymologiam</span> 
     </span>
     <span class='ocr_line' id='line_1_4' title="bbox 288 863 1408 948; baseline -0.008 -11"><span class='ocrx_word' id='word_1_20' title='bbox 288 877 465 937; x_wconf 84' lang='lat' dir='ltr'>ceterorum</span> <span class='ocrx_word' id='word_1_21' title='bbox 486 870 673 944; x_wconf 88' lang='lat' dir='ltr'>verborum,</span> <span class='ocrx_word' id='word_1_22' title='bbox 704 877 791 948; x_wconf 80' lang='lat' dir='ltr'>quae</span> <span class='ocrx_word' id='word_1_23' title='bbox 809 866 942 932; x_wconf 87' lang='lat' dir='ltr'>Lobeck</span> <span class='ocrx_word' id='word_1_24' title='bbox 972 867 1102 945; x_wconf 86' lang='lat' dir='ltr'>(Parall.</span> <span class='ocrx_word' id='word_1_25' title='bbox 1135 867 1206 942; x_wconf 87' lang='grc'>132)</span> <span class='ocrx_word' id='word_1_26' title='bbox 1239 863 1349 942; x_wconf 88' lang='lat' dir='ltr'>affert,</span> <span class='ocrx_word' id='word_1_27' title='bbox 1379 870 1408 928; x_wconf 92' lang='lat' dir='ltr'>ut</span> 
     </span>
     <span class='ocr_line' id='line_1_5' title="bbox 289 957 1409 1052; baseline -0.005 -20"><span class='ocrx_word' id='word_1_28' title='bbox 289 967 456 1052; x_wconf 90' lang='lat' dir='ltr'>quisquam</span> <span class='ocrx_word' id='word_1_29' title='bbox 479 966 664 1050; x_wconf 87' lang='lat' dir='ltr'>comprobet</span> <span class='ocrx_word' id='word_1_30' title='bbox 685 983 807 1046; x_wconf 89' lang='lat' dir='ltr'>vereor,</span> <span class='ocrx_word' id='word_1_31' title='bbox 831 985 902 1029; x_wconf 91' lang='lat' dir='ltr'>cum</span> <span class='ocrx_word' id='word_1_32' title='bbox 926 983 953 1029; x_wconf 87' lang='lat' dir='ltr'>e.</span> <span class='ocrx_word' id='word_1_33' title='bbox 976 985 1007 1047; x_wconf 85' lang='lat' dir='ltr'>g.</span> <span class='ocrx_word' id='word_1_34' title='bbox 1030 961 1101 1051; x_wconf 78' lang='grc' dir='ltr'><strong><em>δ’φα</em></strong></span> <span class='ocrx_word' id='word_1_35' title='bbox 1123 981 1189 1028; x_wconf 93' lang='lat' dir='ltr'>non</span> <span class='ocrx_word' id='word_1_36' title='bbox 1212 957 1336 1044; x_wconf 66' lang='lat' dir='ltr'>abn‘r&#39;or,</span> <span class='ocrx_word' id='word_1_37' title='bbox 1359 960 1409 1027; x_wconf 87' lang='lat' dir='ltr'>sed</span> 
     </span>
     <span class='ocr_line' id='line_1_6' title="bbox 288 1057 1409 1149; baseline -0.008 -18"><span class='ocrx_word' id='word_1_38' title='bbox 288 1086 309 1132; x_wconf 90' lang='lat' dir='ltr'>a</span> <span class='ocrx_word' id='word_1_39' title='bbox 331 1065 431 1149; x_wconf 80' lang='lat' dir='ltr'>stirpe</span> <span class='ocrx_word' id='word_1_40' title='bbox 453 1084 536 1148; x_wconf 90' lang='lat' dir='ltr'>quae</span> <span class='ocrx_word' id='word_1_41' title='bbox 558 1071 607 1130; x_wconf 91' lang='lat' dir='ltr'>est</span> <span class='ocrx_word' id='word_1_42' title='bbox 628 1064 663 1128; x_wconf 92' lang='lat' dir='ltr'>in</span> <span class='ocrx_word' id='word_1_43' title='bbox 684 1057 755 1149; x_wconf 75' lang='grc' dir='ltr'>ὑφή</span> <span class='ocrx_word' id='word_1_44' title='bbox 779 1062 959 1127; x_wconf 87' lang='lat' dir='ltr'>derivatum</span> <span class='ocrx_word' id='word_1_45' title='bbox 981 1063 1031 1140; x_wconf 81' lang='lat' dir='ltr'>(ci.</span> <span class='ocrx_word' id='word_1_46' title='bbox 1048 1060 1210 1145; x_wconf 81' lang='lat' dir='ltr'>„Grdz.“³</span> <span class='ocrx_word' id='word_1_47' title='bbox 1225 1062 1311 1138; x_wconf 83' lang='grc'>278),</span> <span class='ocrx_word' id='word_1_48' title='bbox 1334 1060 1409 1124; x_wconf 83' lang='grc' dir='ltr'><strong><em>λίπα</em></strong></span> 
     </span>
     <span class='ocr_line' id='line_1_7' title="bbox 289 1157 1409 1244; baseline -0.007 -16"><span class='ocrx_word' id='word_1_49' title='bbox 289 1169 397 1228; x_wconf 88' lang='lat' dir='ltr'>autern</span> <span class='ocrx_word' id='word_1_50' title='bbox 420 1182 486 1228; x_wconf 89' lang='lat' dir='ltr'>non</span> <span class='ocrx_word' id='word_1_51' title='bbox 507 1160 710 1228; x_wconf 86' lang='lat' dir='ltr'>accusativus</span> <span class='ocrx_word' id='word_1_52' title='bbox 733 1159 815 1243; x_wconf 83' lang='lat' dir='ltr'><strong>sing.</strong></span> <span class='ocrx_word' id='word_1_53' title='bbox 838 1160 962 1225; x_wconf 88' lang='lat' dir='ltr'>numeri</span> <span class='ocrx_word' id='word_1_54' title='bbox 984 1159 1044 1226; x_wconf 87' lang='lat' dir='ltr'>sod</span> <span class='ocrx_word' id='word_1_55' title='bbox 1071 1159 1207 1244; x_wconf 88' lang='lat' dir='ltr'>pluralis</span> <span class='ocrx_word' id='word_1_56' title='bbox 1229 1157 1271 1224; x_wconf 90' lang='lat' dir='ltr'>sit</span> <span class='ocrx_word' id='word_1_57' title='bbox 1300 1157 1351 1233; x_wconf 84' lang='lat' dir='ltr'>(ci.</span> <span class='ocrx_word' id='word_1_58' title='bbox 1372 1157 1409 1221; x_wconf 92' lang='lat' dir='ltr'>ib.</span> 
     </span>
     <span class='ocr_line' id='line_1_8' title="bbox 287 1253 1410 1344; baseline -0.004 -20"><span class='ocrx_word' id='word_1_59' title='bbox 287 1282 320 1344; x_wconf 85' lang='lat' dir='ltr'>p.</span> <span class='ocrx_word' id='word_1_60' title='bbox 344 1264 431 1337; x_wconf 81' lang='lat'><strong>250).</strong></span> <span class='ocrx_word' id='word_1_61' title='bbox 475 1258 584 1324; x_wconf 82' lang='lat' dir='ltr'>Eiam</span> <span class='ocrx_word' id='word_1_62' title='bbox 607 1255 737 1338; x_wconf 84' lang='grc' dir='ltr'>σκὲπᾶ,</span> <span class='ocrx_word' id='word_1_63' title='bbox 770 1276 852 1340; x_wconf 78' lang='lat' dir='ltr'>queo</span> <span class='ocrx_word' id='word_1_64' title='bbox 881 1257 984 1322; x_wconf 85' lang='lat' dir='ltr'>forma</span> <span class='ocrx_word' id='word_1_65' title='bbox 1004 1278 1068 1322; x_wconf 92' lang='lat' dir='ltr'>uno</span> <span class='ocrx_word' id='word_1_66' title='bbox 1097 1257 1154 1322; x_wconf 95' lang='lat' dir='ltr'>illo</span> <span class='ocrx_word' id='word_1_67' title='bbox 1183 1253 1319 1322; x_wconf 80' lang='lat' dir='ltr'>Hesiodi</span> <span class='ocrx_word' id='word_1_68' title='bbox 1346 1255 1410 1320; x_wconf 90' lang='lat' dir='ltr'>loco</span> 
     </span>
     <span class='ocr_line' id='line_1_9' title="bbox 288 1353 1411 1440; baseline -0.001 -17"><span class='ocrx_word' id='word_1_69' title='bbox 288 1357 409 1424; x_wconf 88' lang='lat' dir='ltr'>tradita</span> <span class='ocrx_word' id='word_1_70' title='bbox 437 1361 502 1437; x_wconf 90' lang='lat' dir='ltr'>est,</span> <span class='ocrx_word' id='word_1_71' title='bbox 537 1375 631 1438; x_wconf 87' lang='lat' dir='ltr'>quem</span> <span class='ocrx_word' id='word_1_72' title='bbox 661 1375 758 1440; x_wconf 89' lang='lat' dir='ltr'>supra</span> <span class='ocrx_word' id='word_1_73' title='bbox 786 1354 967 1436; x_wconf 80' lang='lat' dir='ltr'>attulimus,</span> <span class='ocrx_word' id='word_1_74' title='bbox 1006 1354 1208 1420; x_wconf 88' lang='lat' dir='ltr'>aecusativus</span> <span class='ocrx_word' id='word_1_75' title='bbox 1236 1353 1319 1436; x_wconf 80' lang='lat' dir='ltr'>sing.</span> <span class='ocrx_word' id='word_1_76' title='bbox 1347 1371 1411 1424; x_wconf 83' lang='lat' dir='ltr'>esso</span> 
     </span>
     <span class='ocr_line' id='line_1_10' title="bbox 289 1451 1411 1536; baseline -0.005 -14"><span class='ocrx_word' id='word_1_77' title='bbox 289 1456 380 1522; x_wconf 91' lang='lat' dir='ltr'>nullo</span> <span class='ocrx_word' id='word_1_78' title='bbox 402 1452 499 1520; x_wconf 91' lang='lat' dir='ltr'>modo</span> <span class='ocrx_word' id='word_1_79' title='bbox 521 1453 698 1518; x_wconf 83' lang='lat' dir='ltr'>existimari</span> <span class='ocrx_word' id='word_1_80' title='bbox 726 1458 847 1536; x_wconf 91' lang='lat' dir='ltr'>potest,</span> <span class='ocrx_word' id='word_1_81' title='bbox 880 1453 990 1533; x_wconf 90' lang='lat' dir='ltr'>itaque</span> <span class='ocrx_word' id='word_1_82' title='bbox 1016 1473 1083 1517; x_wconf 92' lang='lat' dir='ltr'>non</span> <span class='ocrx_word' id='word_1_83' title='bbox 1113 1451 1158 1517; x_wconf 88' lang='lat' dir='ltr'>ad</span> <span class='ocrx_word' id='word_1_84' title='bbox 1184 1451 1411 1517; x_wconf 85' lang='lat' dir='ltr'>nominativum</span> 
     </span>
     <span class='ocr_line' id='line_1_11' title="bbox 291 1547 1412 1635; baseline -0.004 -17"><span class='ocrx_word' id='word_1_85' title='bbox 291 1551 401 1635; x_wconf 84' lang='grc' dir='ltr'><strong><em>σκέψ,</em></strong></span> <span class='ocrx_word' id='word_1_86' title='bbox 432 1551 491 1618; x_wconf 90' lang='lat' dir='ltr'>sed</span> <span class='ocrx_word' id='word_1_87' title='bbox 512 1549 555 1616; x_wconf 90' lang='lat' dir='ltr'>ad</span> <span class='ocrx_word' id='word_1_88' title='bbox 577 1551 709 1634; x_wconf 82' lang='lat' dir='ltr'>stirpem</span> <span class='ocrx_word' id='word_1_89' title='bbox 733 1547 840 1616; x_wconf 85' lang='grc' dir='ltr'><strong><em>σκέπα</em></strong></span> <span class='ocrx_word' id='word_1_90' title='bbox 864 1549 1008 1615; x_wconf 85' lang='lat' dir='ltr'>revocari</span> <span class='ocrx_word' id='word_1_91' title='bbox 1037 1549 1150 1627; x_wconf 87' lang='lat' dir='ltr'>debet,</span> <span class='ocrx_word' id='word_1_92' title='bbox 1184 1569 1292 1632; x_wconf 87' lang='lat' dir='ltr'>aqua</span> <span class='ocrx_word' id='word_1_93' title='bbox 1320 1548 1412 1631; x_wconf 89' lang='lat' dir='ltr'>stirpe</span> 
     </span>
     <span class='ocr_line' id='line_1_12' title="bbox 253 1643 1411 1734; baseline -0.004 -20"><span class='ocrx_word' id='word_1_94' title='bbox 253 1651 255 1655; x_wconf 80' lang='grc'>’</span> <span class='ocrx_word' id='word_1_95' title='bbox 290 1668 392 1734; x_wconf 84' lang='lat' dir='ltr'>prope</span> <span class='ocrx_word' id='word_1_96' title='bbox 414 1648 507 1714; x_wconf 90' lang='lat' dir='ltr'>abest</span> <span class='ocrx_word' id='word_1_97' title='bbox 531 1645 652 1734; x_wconf 82' lang='grc' dir='ltr'><strong><em>σκέπη,</em></strong></span> <span class='ocrx_word' id='word_1_98' title='bbox 676 1647 762 1729; x_wconf 78' lang='grc' dir='ltr'><strong><em>φασδ</em></strong></span> <span class='ocrx_word' id='word_1_99' title='bbox 784 1643 871 1712; x_wconf 88' lang='lat' dir='ltr'>idem</span> <span class='ocrx_word' id='word_1_100' title='bbox 886 1646 1045 1730; x_wconf 81' lang='lat' dir='ltr'>significat</span> <span class='ocrx_word' id='word_1_101' title='bbox 1059 1667 1097 1713; x_wconf 88' lang='lat' dir='ltr'>ac</span> <span class='ocrx_word' id='word_1_102' title='bbox 1113 1645 1253 1723; x_wconf 85' lang='grc' dir='ltr'><strong><em>σκέπας.</em></strong></span> <span class='ocrx_word' id='word_1_103' title='bbox 1268 1681 1310 1692; x_wconf 91' lang='lat'>-</span> <span class='ocrx_word' id='word_1_104' title='bbox 1328 1644 1411 1728; x_wconf 79' lang='grc' dir='ltr'><strong><em>τέρᾰ,</em></strong></span> 
     </span>
     <span class='ocr_line' id='line_1_13' title="bbox 290 1745 1412 1828; baseline -0.001 -18"><span class='ocrx_word' id='word_1_105' title='bbox 290 1745 376 1828; x_wconf 90' lang='lat' dir='ltr'>quod</span> <span class='ocrx_word' id='word_1_106' title='bbox 404 1745 439 1810; x_wconf 93' lang='lat' dir='ltr'>in</span> <span class='ocrx_word' id='word_1_107' title='bbox 462 1745 617 1812; x_wconf 89' lang='lat' dir='ltr'>Nicandri</span> <span class='ocrx_word' id='word_1_108' title='bbox 647 1745 693 1811; x_wconf 88' lang='lat' dir='ltr'>th.</span> <span class='ocrx_word' id='word_1_109' title='bbox 719 1748 779 1810; x_wconf 88' lang='grc'>186</span> <span class='ocrx_word' id='word_1_110' title='bbox 808 1745 961 1828; x_wconf 82' lang='lat' dir='ltr'>legimus,</span> <span class='ocrx_word' id='word_1_111' title='bbox 1000 1765 1041 1811; x_wconf 84' lang='lat' dir='ltr'>ex</span> <span class='ocrx_word' id='word_1_112' title='bbox 1068 1746 1221 1828; x_wconf 84' lang='lat' dir='ltr'>analogia</span> <span class='ocrx_word' id='word_1_113' title='bbox 1248 1745 1412 1810; x_wconf 86' lang='lat' dir='ltr'>verborum</span> 
     </span>
     <span class='ocr_line' id='line_1_14' title="bbox 289 1841 1412 1928; baseline -0.002 -20"><span class='ocrx_word' id='word_1_114' title='bbox 289 1842 384 1928; x_wconf 80' lang='grc' dir='ltr'>γέρᾶ,</span> <span class='ocrx_word' id='word_1_115' title='bbox 407 1841 500 1928; x_wconf 75' lang='grc' dir='ltr'><strong><em>κρέα,</em></strong></span> <span class='ocrx_word' id='word_1_116' title='bbox 525 1842 637 1909; x_wconf 82' lang='grc' dir='ltr'><strong><em>σκέπᾶ</em></strong></span> <span class='ocrx_word' id='word_1_117' title='bbox 660 1843 831 1908; x_wconf 80' lang='lat' dir='ltr'>formatum</span> <span class='ocrx_word' id='word_1_118' title='bbox 853 1861 925 1908; x_wconf 88' lang='lat' dir='ltr'>csse</span> <span class='ocrx_word' id='word_1_119' title='bbox 947 1841 1084 1908; x_wconf 88' lang='lat' dir='ltr'>videtur.</span> <span class='ocrx_word' id='word_1_120' title='bbox 1124 1842 1196 1921; x_wconf 79' lang='lat' dir='ltr'>Qua</span> <span class='ocrx_word' id='word_1_121' title='bbox 1217 1861 1318 1908; x_wconf 89' lang='lat' dir='ltr'>eausa</span> <span class='ocrx_word' id='word_1_122' title='bbox 1338 1863 1412 1908; x_wconf 89' lang='lat' dir='ltr'>com-</span> 
     </span>
     <span class='ocr_line' id='line_1_15' title="bbox 290 1938 1411 2022; baseline -0.004 -15"><span class='ocrx_word' id='word_1_123' title='bbox 290 1947 395 2007; x_wconf 87' lang='lat' dir='ltr'>motus</span> <span class='ocrx_word' id='word_1_124' title='bbox 417 1941 508 2006; x_wconf 91' lang='lat' dir='ltr'>Imm.</span> <span class='ocrx_word' id='word_1_125' title='bbox 532 1941 666 2006; x_wconf 87' lang='lat' dir='ltr'>Bekkor</span> <span class='ocrx_word' id='word_1_126' title='bbox 694 1940 821 2022; x_wconf 90' lang='lat' dir='ltr'>(„Hom.</span> <span class='ocrx_word' id='word_1_127' title='bbox 843 1939 917 2004; x_wconf 89' lang='lat' dir='ltr'><strong>Bl.“</strong></span> <span class='ocrx_word' id='word_1_128' title='bbox 938 1940 963 2017; x_wconf 92' lang='lat' dir='ltr'>I,</span> <span class='ocrx_word' id='word_1_129' title='bbox 988 1943 1062 2019; x_wconf 85' lang='grc'>223)</span> <span class='ocrx_word' id='word_1_130' title='bbox 1091 1940 1142 2006; x_wconf 88' lang='lat' dir='ltr'>his</span> <span class='ocrx_word' id='word_1_131' title='bbox 1162 1940 1297 2006; x_wconf 88' lang='lat' dir='ltr'>vocibus</span> <span class='ocrx_word' id='word_1_132' title='bbox 1321 1938 1411 2014; x_wconf 90' lang='grc' dir='ltr'><strong><em>δέπα,</em></strong></span> 
     </span>
     <span class='ocr_line' id='line_1_16' title="bbox 291 2037 1413 2124; baseline -0.001 -22"><span class='ocrx_word' id='word_1_133' title='bbox 291 2037 385 2122; x_wconf 86' lang='grc' dir='ltr'><strong><em>κέρα,</em></strong></span> <span class='ocrx_word' id='word_1_134' title='bbox 410 2037 521 2124; x_wconf 89' lang='grc' dir='ltr'><strong><em>σφέλα</em></strong></span> <span class='ocrx_word' id='word_1_135' title='bbox 536 2037 701 2120; x_wconf 87' lang='lat' dir='ltr'>adjecerit,</span> <span class='ocrx_word' id='word_1_136' title='bbox 725 2057 791 2102; x_wconf 93' lang='lat' dir='ltr'>non</span> <span class='ocrx_word' id='word_1_137' title='bbox 805 2037 978 2122; x_wconf 82' lang='lat' dir='ltr'>intelleg03</span> <span class='ocrx_word' id='word_1_138' title='bbox 1000 2058 1076 2104; x_wconf 89' lang='lat' dir='ltr'>nam</span> <span class='ocrx_word' id='word_1_139' title='bbox 1091 2057 1218 2122; x_wconf 85' lang='lat' dir='ltr'>sempor</span> <span class='ocrx_word' id='word_1_140' title='bbox 1233 2039 1267 2102; x_wconf 91' lang='lat' dir='ltr'>in</span> <span class='ocrx_word' id='word_1_141' title='bbox 1282 2037 1413 2102; x_wconf 90' lang='lat' dir='ltr'>homeri·</span> 
     </span>
     <span class='ocr_line' id='line_1_17' title="bbox 223 2135 1411 2230; baseline -0.003 -29"><span class='ocrx_word' id='word_1_142' title='bbox 223 2217 231 2230; x_wconf 24' lang='grc' dir='ltr'>ἱ</span> <span class='ocrx_word' id='word_1_143' title='bbox 290 2135 336 2202; x_wconf 90' lang='lat' dir='ltr'>cis</span> <span class='ocrx_word' id='word_1_144' title='bbox 358 2135 551 2202; x_wconf 77' lang='lat' dir='ltr'>carminibus</span> <span class='ocrx_word' id='word_1_145' title='bbox 574 2155 684 2202; x_wconf 83' lang='lat' dir='ltr'>aarum</span> <span class='ocrx_word' id='word_1_146' title='bbox 707 2139 728 2197; x_wconf 81' lang='grc' dir='ltr'><strong><em>α</em></strong></span> <span class='ocrx_word' id='word_1_147' title='bbox 748 2140 825 2200; x_wconf 91' lang='lat' dir='ltr'>ante</span> <span class='ocrx_word' id='word_1_148' title='bbox 853 2142 1042 2218; x_wconf 86' lang='lat' dir='ltr'>sequentem</span> <span class='ocrx_word' id='word_1_149' title='bbox 1063 2135 1306 2218; x_wconf 85' lang='lat' dir='ltr'>vocalemjure</span> <span class='ocrx_word' id='word_1_150' title='bbox 1327 2135 1411 2200; x_wconf 91' lang='lat' dir='ltr'>eorri-</span> 
     </span>
     <span class='ocr_line' id='line_1_18' title="bbox 244 2229 1411 2318; baseline -0.003 -22"><span class='ocrx_word' id='word_1_151' title='bbox 244 2304 259 2318; x_wconf 42' lang='grc'>,</span> <span class='ocrx_word' id='word_1_152' title='bbox 289 2233 395 2317; x_wconf 88' lang='lat' dir='ltr'>pitur;</span> <span class='ocrx_word' id='word_1_153' title='bbox 425 2233 572 2300; x_wconf 77' lang='lat' dir='ltr'>conferas</span> <span class='ocrx_word' id='word_1_154' title='bbox 595 2233 681 2300; x_wconf 90' lang='lat' dir='ltr'>enim</span> <span class='ocrx_word' id='word_1_155' title='bbox 705 2231 795 2297; x_wconf 86' lang='grc' dir='ltr'><strong><em>δέπα</em></strong></span> <span class='ocrx_word' id='word_1_156' title='bbox 817 2231 920 2298; x_wconf 78' lang='grc' dir='ltr'><strong><em>έκθεν</em></strong></span> <span class='ocrx_word' id='word_1_157' title='bbox 947 2258 966 2296; x_wconf 80' lang='lat' dir='ltr'>c</span> <span class='ocrx_word' id='word_1_158' title='bbox 989 2237 1040 2313; x_wconf 88' lang='grc'>62,</span> <span class='ocrx_word' id='word_1_159' title='bbox 1068 2231 1156 2300; x_wconf 86' lang='grc' dir='ltr'><strong><em>δέπα</em></strong></span> <span class='ocrx_word' id='word_1_160' title='bbox 1179 2229 1411 2318; x_wconf 80' lang='grc' dir='ltr'><strong><em>ἀμφικύπελλα</em></strong></span> 
     </span>
     <span class='ocr_line' id='line_1_19' title="bbox 289 2324 1409 2416; baseline -0.002 -20"><span class='ocrx_word' id='word_1_161' title='bbox 289 2356 308 2396; x_wconf 88' lang='grc' dir='ltr'>υ</span> <span class='ocrx_word' id='word_1_162' title='bbox 337 2335 412 2415; x_wconf 85' lang='grc'>153,</span> <span class='ocrx_word' id='word_1_163' title='bbox 442 2329 525 2415; x_wconf 86' lang='grc' dir='ltr'><strong><em>κέρα</em></strong></span> <span class='ocrx_word' id='word_1_164' title='bbox 548 2329 585 2396; x_wconf 75' lang='grc' dir='ltr'>ἐκ</span> <span class='ocrx_word' id='word_1_165' title='bbox 609 2335 641 2396; x_wconf 87' lang='grc' dir='ltr'><em>Δ</em></span> <span class='ocrx_word' id='word_1_166' title='bbox 663 2334 738 2411; x_wconf 89' lang='grc'><strong>109,</strong></span> <span class='ocrx_word' id='word_1_167' title='bbox 768 2355 798 2394; x_wconf 83' lang='grc' dir='ltr'>κ.</span> <span class='ocrx_word' id='word_1_168' title='bbox 822 2327 969 2396; x_wconf 70' lang='grc' dir='ltr'><strong><em>ἕστασαν</em></strong></span> <span class='ocrx_word' id='word_1_169' title='bbox 998 2355 1018 2393; x_wconf 84' lang='grc' dir='ltr'><strong><em>τ</em></strong></span> <span class='ocrx_word' id='word_1_170' title='bbox 1040 2335 1111 2414; x_wconf 84' lang='grc'>211,</span> <span class='ocrx_word' id='word_1_171' title='bbox 1142 2355 1171 2394; x_wconf 90' lang='grc' dir='ltr'>κ.</span> <span class='ocrx_word' id='word_1_172' title='bbox 1196 2324 1274 2406; x_wconf 84' lang='grc' dir='ltr'><strong><em>ἶπες</em></strong></span> <span class='ocrx_word' id='word_1_173' title='bbox 1298 2353 1324 2416; x_wconf 94' lang='grc' dir='ltr'><strong><em>φ</em></strong></span> <span class='ocrx_word' id='word_1_174' title='bbox 1348 2333 1409 2410; x_wconf 76' lang='grc'>395,</span> 
     </span>
    </p>
   </div>
   <div class='ocr_carea' id='block_1_3' title="bbox 292 2424 695 2514">
    <p class='ocr_par' dir='ltr' id='par_1_3' title="bbox 292 2424 695 2514">
     <span class='ocr_line' id='line_1_20' title="bbox 292 2424 695 2514; baseline 0 -20"><span class='ocrx_word' id='word_1_175' title='bbox 292 2426 403 2514; x_wconf 81' lang='grc' dir='ltr'><strong><em>σφέλα</em></strong></span> <span class='ocrx_word' id='word_1_176' title='bbox 426 2424 557 2512; x_wconf 77' lang='grc' dir='ltr'><strong><em>ἀνδρῶν</em></strong></span> <span class='ocrx_word' id='word_1_177' title='bbox 581 2453 600 2512; x_wconf 89' lang='grc' dir='ltr'><em>ρ</em></span> <span class='ocrx_word' id='word_1_178' title='bbox 623 2431 695 2494; x_wconf 87' lang='grc'>231.</span> 
     </span>
    </p>
   </div>
   <div class='ocr_carea' id='block_1_4' title="bbox 553 2663 1155 2744">
    <p class='ocr_par' dir='ltr' id='par_1_4' title="bbox 553 2663 1155 2744">
     <span class='ocr_line' id='line_1_21' title="bbox 553 2663 1155 2744; baseline -0.002 -15"><span class='ocrx_word' id='word_1_179' title='bbox 553 2667 573 2744; x_wconf 63' lang='grc' dir='ltr'><strong>ξ</strong></span> <span class='ocrx_word' id='word_1_180' title='bbox 595 2670 625 2730; x_wconf 90' lang='grc'>4.</span> <span class='ocrx_word' id='word_1_181' title='bbox 670 2666 729 2731; x_wconf 79' lang='grc' dir='ltr'>ΒΕ</span> <span class='ocrx_word' id='word_1_182' title='bbox 752 2663 995 2732; x_wconf 84' lang='lat' dir='ltr'><strong>NOMINIBUS</strong></span> <span class='ocrx_word' id='word_1_183' title='bbox 1017 2664 1064 2729; x_wconf 87' lang='lat' dir='ltr'>IN</span> <span class='ocrx_word' id='word_1_184' title='bbox 1087 2688 1155 2741; x_wconf 85' lang='grc' dir='ltr'><strong><em>σσς.</em></strong></span> 
     </span>
    </p>
   </div>
   <div class='ocr_carea' id='block_1_5' title="bbox 190 2817 1412 4167">
    <p class='ocr_par' dir='ltr' id='par_1_5' title="bbox 190 2817 1412 4167">
     <span class='ocr_line' id='line_1_22' title="bbox 376 2817 1036 2900; baseline -0.002 -17"><span class='ocrx_word' id='word_1_185' title='bbox 376 2818 415 2883; x_wconf 88' lang='lat' dir='ltr'>A.</span> <span class='ocrx_word' id='word_1_186' title='bbox 452 2818 503 2882; x_wconf 91' lang='lat' dir='ltr'>De</span> <span class='ocrx_word' id='word_1_187' title='bbox 524 2817 709 2900; x_wconf 85' lang='lat' dir='ltr'>compositis</span> <span class='ocrx_word' id='word_1_188' title='bbox 730 2817 765 2884; x_wconf 90' lang='lat' dir='ltr'>in</span> <span class='ocrx_word' id='word_1_189' title='bbox 787 2823 902 2896; x_wconf 75' lang='grc' dir='ltr'><strong><em>-θσσς,</em></strong></span> <span class='ocrx_word' id='word_1_190' title='bbox 1032 2860 1036 2867; x_wconf 96' lang='grc'>-</span> 
     </span>
     <span class='ocr_line' id='line_1_23' title="bbox 190 2912 1411 3006; baseline -0.003 -26"><span class='ocrx_word' id='word_1_191' title='bbox 190 2991 198 3006; x_wconf 13' lang='grc' dir='ltr'>ἡ</span> <span class='ocrx_word' id='word_1_192' title='bbox 376 2913 540 2997; x_wconf 77' lang='lat' dir='ltr'>AdJoctivi</span> <span class='ocrx_word' id='word_1_193' title='bbox 567 2912 738 3000; x_wconf 78' lang='grc' dir='ltr'>βσηθόσς,</span> <span class='ocrx_word' id='word_1_194' title='bbox 768 2916 859 2998; x_wconf 89' lang='lat' dir='ltr'>cujus</span> <span class='ocrx_word' id='word_1_195' title='bbox 887 2914 1049 3000; x_wconf 88' lang='lat' dir='ltr'>pleniores</span> <span class='ocrx_word' id='word_1_196' title='bbox 1077 2915 1195 2981; x_wconf 82' lang='lat' dir='ltr'>formas</span> <span class='ocrx_word' id='word_1_197' title='bbox 1223 2915 1359 2998; x_wconf 79' lang='lat' dir='ltr'>legimus</span> <span class='ocrx_word' id='word_1_198' title='bbox 1384 2914 1411 2976; x_wconf 89' lang='lat' dir='ltr'>io</span> 
     </span>
     <span class='ocr_line' id='line_1_24' title="bbox 290 3011 1411 3096; baseline -0.004 -19"><span class='ocrx_word' id='word_1_199' title='bbox 290 3018 458 3096; x_wconf 87' lang='lat' dir='ltr'>poetarum</span> <span class='ocrx_word' id='word_1_200' title='bbox 481 3012 693 3090; x_wconf 82' lang='lat' dir='ltr'>carminibus,</span> <span class='ocrx_word' id='word_1_201' title='bbox 716 3013 750 3076; x_wconf 92' lang='lat' dir='ltr'>in</span> <span class='ocrx_word' id='word_1_202' title='bbox 773 3014 919 3080; x_wconf 88' lang='lat' dir='ltr'>oratione</span> <span class='ocrx_word' id='word_1_203' title='bbox 940 3011 1083 3096; x_wconf 87' lang='lat' dir='ltr'>pedestri</span> <span class='ocrx_word' id='word_1_204' title='bbox 1099 3012 1170 3095; x_wconf 88' lang='lat' dir='ltr'>jam</span> <span class='ocrx_word' id='word_1_205' title='bbox 1192 3012 1234 3078; x_wconf 88' lang='lat' dir='ltr'>ab</span> <span class='ocrx_word' id='word_1_206' title='bbox 1257 3011 1411 3079; x_wconf 87' lang='lat' dir='ltr'>Herodoto</span> 
     </span>
     <span class='ocr_line' id='line_1_25' title="bbox 292 3108 1410 3192; baseline -0.002 -17"><span class='ocrx_word' id='word_1_207' title='bbox 292 3127 420 3192; x_wconf 87' lang='lat' dir='ltr'>sempor</span> <span class='ocrx_word' id='word_1_208' title='bbox 440 3109 544 3174; x_wconf 86' lang='lat' dir='ltr'>altera</span> <span class='ocrx_word' id='word_1_209' title='bbox 567 3108 709 3192; x_wconf 87' lang='lat' dir='ltr'>oejocta</span> <span class='ocrx_word' id='word_1_210' title='bbox 730 3116 789 3192; x_wconf 87' lang='lat' dir='ltr'>est,</span> <span class='ocrx_word' id='word_1_211' title='bbox 811 3111 858 3176; x_wconf 90' lang='lat' dir='ltr'>ita</span> <span class='ocrx_word' id='word_1_212' title='bbox 879 3117 913 3175; x_wconf 92' lang='lat' dir='ltr'>ut</span> <span class='ocrx_word' id='word_1_213' title='bbox 934 3111 968 3174; x_wconf 91' lang='lat' dir='ltr'>in</span> <span class='ocrx_word' id='word_1_214' title='bbox 989 3109 1081 3174; x_wconf 86' lang='lat' dir='ltr'>nulla</span> <span class='ocrx_word' id='word_1_215' title='bbox 1101 3109 1204 3174; x_wconf 86' lang='lat' dir='ltr'>forma</span> <span class='ocrx_word' id='word_1_216' title='bbox 1226 3117 1410 3176; x_wconf 80' lang='lat' dir='ltr'>servarem.</span> 
     </span>
     <span class='ocr_line' id='line_1_26' title="bbox 292 3205 1412 3291; baseline -0.004 -19"><span class='ocrx_word' id='word_1_217' title='bbox 292 3207 406 3288; x_wconf 85' lang='lat' dir='ltr'>Neque</span> <span class='ocrx_word' id='word_1_218' title='bbox 429 3206 514 3270; x_wconf 89' lang='lat' dir='ltr'>enim</span> <span class='ocrx_word' id='word_1_219' title='bbox 537 3205 686 3272; x_wconf 89' lang='lat' dir='ltr'>contendi</span> <span class='ocrx_word' id='word_1_220' title='bbox 709 3214 830 3291; x_wconf 88' lang='lat' dir='ltr'>potest,</span> <span class='ocrx_word' id='word_1_221' title='bbox 855 3231 872 3272; x_wconf 92' lang='lat' dir='ltr'>o</span> <span class='ocrx_word' id='word_1_222' title='bbox 895 3209 929 3272; x_wconf 94' lang='lat' dir='ltr'>in</span> <span class='ocrx_word' id='word_1_223' title='bbox 951 3207 1079 3272; x_wconf 80' lang='lat' dir='ltr'>nasibus</span> <span class='ocrx_word' id='word_1_224' title='bbox 1101 3207 1239 3289; x_wconf 91' lang='lat' dir='ltr'>obliquis</span> <span class='ocrx_word' id='word_1_225' title='bbox 1261 3229 1328 3273; x_wconf 90' lang='lat' dir='ltr'>non</span> <span class='ocrx_word' id='word_1_226' title='bbox 1351 3223 1412 3272; x_wconf 88' lang='lat' dir='ltr'>esse</span> 
     </span>
     <span class='ocr_line' id='line_1_27' title="bbox 293 3303 1412 3387; baseline -0.003 -19"><span class='ocrx_word' id='word_1_227' title='bbox 293 3303 407 3369; x_wconf 86' lang='lat' dir='ltr'>elisam</span> <span class='ocrx_word' id='word_1_228' title='bbox 436 3303 495 3368; x_wconf 87' lang='lat' dir='ltr'>sed</span> <span class='ocrx_word' id='word_1_229' title='bbox 523 3310 718 3369; x_wconf 88' lang='lat' dir='ltr'>contractam</span> <span class='ocrx_word' id='word_1_230' title='bbox 746 3325 817 3369; x_wconf 90' lang='lat' dir='ltr'>oum</span> <span class='ocrx_word' id='word_1_231' title='bbox 846 3305 1140 3387; x_wconf 89' lang='lat' dir='ltr'>terminationibus,</span> <span class='ocrx_word' id='word_1_232' title='bbox 1178 3325 1267 3387; x_wconf 90' lang='lat' dir='ltr'>eum,</span> <span class='ocrx_word' id='word_1_233' title='bbox 1298 3307 1412 3371; x_wconf 87' lang='lat' dir='ltr'>ratione</span> 
     </span>
     <span class='ocr_line' id='line_1_28' title="bbox 291 3400 1411 3490; baseline -0.003 -24"><span class='ocrx_word' id='word_1_234' title='bbox 291 3400 403 3467; x_wconf 89' lang='lat' dir='ltr'>traditi</span> <span class='ocrx_word' id='word_1_235' title='bbox 431 3407 582 3466; x_wconf 87' lang='lat' dir='ltr'>accentus</span> <span class='ocrx_word' id='word_1_236' title='bbox 610 3422 676 3466; x_wconf 90' lang='lat' dir='ltr'>non</span> <span class='ocrx_word' id='word_1_237' title='bbox 703 3401 815 3467; x_wconf 89' lang='lat' dir='ltr'>habita</span> <span class='ocrx_word' id='word_1_238' title='bbox 843 3406 985 3489; x_wconf 74' lang='grc' dir='ltr'><strong><em>(βοηθσί</em></strong></span> <span class='ocrx_word' id='word_1_239' title='bbox 1013 3403 1115 3484; x_wconf 91' lang='lat' dir='ltr'>enim,</span> <span class='ocrx_word' id='word_1_240' title='bbox 1147 3401 1319 3490; x_wconf 76' lang='grc' dir='ltr'>βοηθούς,</span> <span class='ocrx_word' id='word_1_241' title='bbox 1356 3419 1411 3466; x_wconf 91' lang='lat' dir='ltr'>non</span> 
     </span>
     <span class='ocr_line' id='line_1_29' title="bbox 291 3499 1411 3584; baseline -0.002 -22"><span class='ocrx_word' id='word_1_242' title='bbox 291 3501 431 3583; x_wconf 74' lang='grc' dir='ltr'>βαηθσῖ,</span> <span class='ocrx_word' id='word_1_243' title='bbox 454 3501 609 3583; x_wconf 70' lang='grc' dir='ltr'><strong><em>βαηθσῦς</em></strong></span> <span class='ocrx_word' id='word_1_244' title='bbox 631 3501 827 3582; x_wconf 88' lang='lat' dir='ltr'>scripserunt</span> <span class='ocrx_word' id='word_1_245' title='bbox 841 3499 979 3584; x_wconf 79' lang='lat' dir='ltr'>Graeci),</span> <span class='ocrx_word' id='word_1_246' title='bbox 1001 3501 1036 3565; x_wconf 91' lang='lat' dir='ltr'>in</span> <span class='ocrx_word' id='word_1_247' title='bbox 1056 3501 1256 3566; x_wconf 86' lang='lat' dir='ltr'>nominativo</span> <span class='ocrx_word' id='word_1_248' title='bbox 1279 3508 1311 3567; x_wconf 94' lang='lat' dir='ltr'>et</span> <span class='ocrx_word' id='word_1_249' title='bbox 1332 3517 1411 3564; x_wconf 89' lang='lat' dir='ltr'>accu-</span> 
     </span>
     <span class='ocr_line' id='line_1_30' title="bbox 255 3591 1409 3678; baseline 0.001 -20"><span class='ocrx_word' id='word_1_250' title='bbox 255 3653 258 3658; x_wconf 90' lang='lat'>.</span> <span class='ocrx_word' id='word_1_251' title='bbox 292 3591 397 3660; x_wconf 86' lang='lat' dir='ltr'>sativo</span> <span class='ocrx_word' id='word_1_252' title='bbox 420 3594 593 3678; x_wconf 82' lang='lat' dir='ltr'>singularis</span> <span class='ocrx_word' id='word_1_253' title='bbox 613 3597 716 3662; x_wconf 90' lang='lat' dir='ltr'>csine</span> <span class='ocrx_word' id='word_1_254' title='bbox 739 3596 836 3662; x_wconf 91' lang='lat' dir='ltr'>dubio</span> <span class='ocrx_word' id='word_1_255' title='bbox 859 3598 940 3664; x_wconf 87' lang='lat' dir='ltr'>elisa</span> <span class='ocrx_word' id='word_1_256' title='bbox 961 3597 1012 3663; x_wconf 88' lang='lat' dir='ltr'>sit.</span> <span class='ocrx_word' id='word_1_257' title='bbox 1050 3597 1292 3663; x_wconf 86' lang='lat' dir='ltr'>Nominativum</span> <span class='ocrx_word' id='word_1_258' title='bbox 1314 3605 1409 3663; x_wconf 87' lang='lat' dir='ltr'>auteur</span> 
     </span>
     <span class='ocr_line' id='line_1_31' title="bbox 294 3691 1410 3778; baseline -0.004 -21"><span class='ocrx_word' id='word_1_259' title='bbox 294 3697 326 3757; x_wconf 90' lang='lat' dir='ltr'>et</span> <span class='ocrx_word' id='word_1_260' title='bbox 356 3691 573 3758; x_wconf 85' lang='lat' dir='ltr'>accusativum</span> <span class='ocrx_word' id='word_1_261' title='bbox 601 3693 668 3758; x_wconf 89' lang='lat' dir='ltr'>alia</span> <span class='ocrx_word' id='word_1_262' title='bbox 695 3694 820 3761; x_wconf 87' lang='lat' dir='ltr'>ratione</span> <span class='ocrx_word' id='word_1_263' title='bbox 848 3702 945 3778; x_wconf 89' lang='lat' dir='ltr'>atque</span> <span class='ocrx_word' id='word_1_264' title='bbox 973 3695 1114 3777; x_wconf 88' lang='lat' dir='ltr'>reliquos</span> <span class='ocrx_word' id='word_1_265' title='bbox 1143 3714 1237 3761; x_wconf 88' lang='lat' dir='ltr'>casus</span> <span class='ocrx_word' id='word_1_266' title='bbox 1270 3696 1410 3760; x_wconf 85' lang='lat' dir='ltr'>formatos</span> 
     </span>
     <span class='ocr_line' id='line_1_32' title="bbox 294 3788 1408 3875; baseline 0 -21"><span class='ocrx_word' id='word_1_267' title='bbox 294 3806 381 3867; x_wconf 85' lang='lat' dir='ltr'>esse,</span> <span class='ocrx_word' id='word_1_268' title='bbox 405 3788 476 3870; x_wconf 88' lang='lat' dir='ltr'>quis</span> <span class='ocrx_word' id='word_1_269' title='bbox 506 3797 555 3856; x_wconf 89' lang='lat' dir='ltr'>est</span> <span class='ocrx_word' id='word_1_270' title='bbox 585 3791 638 3874; x_wconf 92' lang='lat' dir='ltr'>qui</span> <span class='ocrx_word' id='word_1_271' title='bbox 668 3791 804 3860; x_wconf 79' lang='lat' dir='ltr'>credat?</span> <span class='ocrx_word' id='word_1_272' title='bbox 840 3793 880 3857; x_wconf 93' lang='lat' dir='ltr'>In</span> <span class='ocrx_word' id='word_1_273' title='bbox 909 3793 979 3875; x_wconf 91' lang='lat' dir='ltr'>ipso</span> <span class='ocrx_word' id='word_1_274' title='bbox 1009 3799 1117 3858; x_wconf 88' lang='lat' dir='ltr'>autem</span> <span class='ocrx_word' id='word_1_275' title='bbox 1138 3793 1337 3859; x_wconf 89' lang='lat' dir='ltr'>nominativo</span> <span class='ocrx_word' id='word_1_276' title='bbox 1358 3791 1408 3872; x_wconf 90' lang='lat' dir='ltr'>hy-</span> 
     </span>
     <span class='ocr_line' id='line_1_33' title="bbox 293 3885 1407 3971; baseline -0.003 -21"><span class='ocrx_word' id='word_1_277' title='bbox 293 3885 460 3968; x_wconf 86' lang='lat' dir='ltr'>phaerssis</span> <span class='ocrx_word' id='word_1_278' title='bbox 491 3910 508 3950; x_wconf 93' lang='lat' dir='ltr'>o</span> <span class='ocrx_word' id='word_1_279' title='bbox 537 3888 658 3953; x_wconf 86' lang='lat' dir='ltr'>vocalis</span> <span class='ocrx_word' id='word_1_280' title='bbox 688 3889 733 3954; x_wconf 88' lang='lat' dir='ltr'>ita</span> <span class='ocrx_word' id='word_1_281' title='bbox 769 3890 884 3956; x_wconf 87' lang='lat' dir='ltr'>effecta</span> <span class='ocrx_word' id='word_1_282' title='bbox 919 3909 990 3956; x_wconf 89' lang='lat' dir='ltr'>esse</span> <span class='ocrx_word' id='word_1_283' title='bbox 1023 3889 1165 3970; x_wconf 87' lang='lat' dir='ltr'>videtur,</span> <span class='ocrx_word' id='word_1_284' title='bbox 1203 3897 1238 3955; x_wconf 91' lang='lat' dir='ltr'>ut</span> <span class='ocrx_word' id='word_1_285' title='bbox 1271 3913 1288 3954; x_wconf 94' lang='grc' dir='ltr'><strong><em>σ</em></strong></span> <span class='ocrx_word' id='word_1_286' title='bbox 1322 3887 1407 3971; x_wconf 88' lang='lat' dir='ltr'>prior,</span> 
     </span>
     <span class='ocr_line' id='line_1_34' title="bbox 293 3983 1406 4069; baseline 0 -21"><span class='ocrx_word' id='word_1_287' title='bbox 293 4002 359 4048; x_wconf 90' lang='lat' dir='ltr'>non</span> <span class='ocrx_word' id='word_1_288' title='bbox 381 3983 538 4067; x_wconf 86' lang='lat' dir='ltr'>posterior</span> <span class='ocrx_word' id='word_1_289' title='bbox 560 3984 612 4062; x_wconf 82' lang='lat' dir='ltr'>[ef.</span> <span class='ocrx_word' id='word_1_290' title='bbox 636 3983 721 4050; x_wconf 84' lang='lat' dir='ltr'>Ourt.</span> <span class='ocrx_word' id='word_1_291' title='bbox 744 3985 835 4052; x_wconf 87' lang='lat' dir='ltr'>Stud.</span> <span class='ocrx_word' id='word_1_292' title='bbox 851 3987 914 4066; x_wconf 95' lang='lat' dir='ltr'>·IV,</span> <span class='ocrx_word' id='word_1_293' title='bbox 937 3990 1023 4069; x_wconf 86' lang='grc'>226),</span> <span class='ocrx_word' id='word_1_294' title='bbox 1047 3985 1137 4053; x_wconf 87' lang='lat' dir='ltr'>fieret</span> <span class='ocrx_word' id='word_1_295' title='bbox 1158 3989 1290 4068; x_wconf 86' lang='lat' dir='ltr'>vocalis,</span> <span class='ocrx_word' id='word_1_296' title='bbox 1315 3992 1348 4050; x_wconf 91' lang='lat' dir='ltr'>ut</span> <span class='ocrx_word' id='word_1_297' title='bbox 1368 3983 1406 4045; x_wconf 79' lang='lat' dir='ltr'>ita</span> 
     </span>
     <span class='ocr_line' id='line_1_35' title="bbox 294 4079 1403 4167; baseline -0.005 -21"><span class='ocrx_word' id='word_1_298' title='bbox 294 4079 409 4164; x_wconf 89' lang='lat' dir='ltr'>dicam,</span> <span class='ocrx_word' id='word_1_299' title='bbox 433 4081 638 4164; x_wconf 88' lang='lat' dir='ltr'>irrationalis,</span> <span class='ocrx_word' id='word_1_300' title='bbox 663 4081 991 4167; x_wconf 85' lang='lat' dir='ltr'>deniquepaullatim</span> <span class='ocrx_word' id='word_1_301' title='bbox 1014 4091 1230 4150; x_wconf 78' lang='lat' dir='ltr'>evanesceret.</span> <span class='ocrx_word' id='word_1_302' title='bbox 1271 4079 1403 4150; x_wconf 86' lang='lat' dir='ltr'>Eandem</span> 
     </span>
    </p>
   </div>
   <div class='ocr_carea' id='block_1_6' title="bbox 0 0 1492 4868">
    <p class='ocr_par' dir='ltr' id='par_1_6' title="bbox 0 0 1492 4868">
     <span class='ocr_line' id='line_1_36' title="bbox 0 0 1492 4868; baseline 0 0"><span class='ocrx_word' id='word_1_303' title='bbox 0 0 1492 4868; x_wconf 95' lang='lat' dir='ltr'> </span> 
     </span>
    </p>
   </div>
  </div>
 </body>
</html>
