3020 4866
279 425 317 486 14
497 467 500 474 -
761 429 928 492 Eorssmsun

275 599 403 668 efficiat.
446 598 490 666 Ut
516 619 592 668 vero
624 599 678 666 hic
706 598 773 686 ipa
800 633 845 644 —
873 591 914 664 ev
942 597 1267 686 παραμυθήσασθαι
1297 608 1396 668 ortum

277 705 387 766 estex
410 697 554 764 oratione
574 704 663 763 recta
684 702 716 763 et
737 696 823 762 idem
845 695 934 762 valet
954 702 1051 779 atque
1073 695 1140 784 ἔφη
1165 695 1218 762 ὅτι
1233 693 1273 762 ἂν
1288 693 1398 784 σαρα-

275 792 481 881 μυθήσαιτο,
504 795 550 860 sic
571 793 690 878 ubique
712 793 888 859 infinitivus
909 794 1021 860 aoristi
1042 814 1112 860 cum
1135 789 1186 876 ἄν,
1208 795 1263 860 ubi
1277 797 1398 880 aliquid

275 893 371 960 futuri
393 893 545 975 eontinet,
568 911 609 958 ex
630 890 745 958 eadem
766 897 924 956 structura
938 891 1092 976 manavit,
1114 913 1180 958 non
1200 911 1258 977 per
1278 914 1315 962 se
1329 895 1396 961 loco

276 990 373 1058 futuri
394 990 533 1075 ponitur.
563 987 703 1058 Perinde
724 995 773 1054 est
794 988 863 1054 sive
884 989 1092 1073 Thucydides
1114 989 1165 1067 ΙΙ,
1188 993 1239 1072 20,
1266 995 1280 1056 1
1305 989 1396 1058 dicit:

276 1085 355 1166 τοὺς
377 1085 440 1173 γὰρ
460 1084 668 1174 Ἀθηναίους
691 1082 895 1172 ἤλπιζεν-
924 1084 1008 1164 ἴσως
1031 1081 1072 1154 ἂν
1095 1084 1398 1170 ἕπεξελθεῖν,’8ἰνθ

278 1184 317 1270 V,
340 1187 376 1268 9,
400 1189 419 1250 2
449 1185 627 1252 orationem
657 1184 819 1267 obliquam
848 1179 895 1262 ὥς
924 1184 1150 1268 conjunctione
1172 1185 1310 1252 indicat:
1340 1183 1397 1252 eda

277 1277 317 1348 ἂν
355 1280 560 1359 ἐλπίσαντας
597 1277 643 1359 ὡς
679 1275 720 1348 ἂν
758 1280 953 1362 ἐπεξέλθοι.
1005 1281 1159 1349 Similiter
1191 1282 1398 1367 Thucydides

276 1381 455 1448 Messenios
485 1379 532 1446 sic
552 1379 805 1446 Atheniensibus
837 1378 1043 1462 respondisse
1075 1381 1183 1446 animo
1217 1379 1278 1447 sibi
1310 1379 1399 1446 finxit

279 1478 347 1561 (Vl,
371 1483 422 1560 50,
449 1481 493 1555 1);
528 1473 580 1542 ὅτι
603 1475 704 1544 πόλει
725 1476 787 1558 μὲν
810 1469 852 1540 α’ἳυ
874 1468 914 1540 οὗ
938 1475 1102 1560 δέξαιντο,
1125 1474 1252 1562 ἀγορὰν
1276 1475 1310 1544 δ’
1336 1477 1398 1560 ἔξω

277 1577 492 1658 παρέξουσιν,
515 1575 541 1656 Ι,
567 1578 637 1656 127,
660 1580 680 1638 4
702 1573 1028 1640 Lacedaemoniorum
1052 1575 1193 1658 cogitata
1206 1575 1287 1642 haec
1302 1577 1400 1644 fuisse

203 1671 214 1690 ⁶
277 1679 406 1740 namet:
422 1668 460 1738 οὐ
476 1676 592 1752 μέντοι
607 1670 738 1748 ἐκεῖνος
752 1677 915 1737 τυσοῦτον
931 1669 1047 1738 πάθοι
1061 1666 1102 1738 dv
1116 1677 1215 1738 τοῦτο
1232 1671 1283 1750 (τὸ
1299 1671 1400 1740 ἐκπε-

278 1780 350 1837 σεῖν
371 1775 437 1850 se.)‚
454 1765 535 1834 ὅσον
558 1767 720 1856 διαβολὴν
735 1767 835 1834 οἴσει.
871 1769 919 1834 Ac
933 1788 969 1835 re
983 1788 1063 1835 vere
1075 1769 1185 1836 coristi
1198 1761 1401 1853 infinitivum,

277 1863 318 1932 div
333 1867 491 1952 particula
512 1867 651 1950 adjecta,
674 1867 729 1932 ubi
744 1865 822 1950 quid
837 1867 942 1933 lenius
957 1867 1145 1951 proferatur,
1167 1870 1315 1951 usurpari
1329 1889 1401 1936 cou-

276 1965 456 2034 cedendum
489 1971 538 2032 est
570 1963 621 2040 (ci.
644 1963 718 2039 VII,
743 1969 793 2041 61,
827 1967 847 2027 2
878 1966 934 2030 καὶ
963 1963 1002 2029 τὸ
1025 1969 1087 2050 τῆς
1107 1961 1208 2051 τύχης
1230 1960 1291 2030 κᾶν
1313 1963 1407 2048 μεθ’·

277 2057 372 2150 ἡμῶν
395 2060 595 2138 ἐλπίσαντες
618 2063 761 2148 στῆναι),
784 2061 875 2126 salvo
897 2062 1018 2128 scilicet
1039 2081 1078 2128 eo
1094 2062 1290 2130 Graecorum
1304 2083 1400 2146 more,

278 2181 340 2244 quo
361 2159 412 2243 fit,
435 2165 470 2225 ut
491 2179 543 2226 res
564 2160 618 2226 vel
641 2158 844 2239 certissimas,
867 2179 1012 2242 quaeque
1034 2160 1067 2226 iu
1089 2161 1181 2226 nulla
1203 2161 1402 2228 dubitatione

145 2337 150 2348 .
277 2263 455 2339 versantur,
478 2257 623 2324 modeste
646 2263 770 2322 etcum
792 2257 918 2322 urbana
940 2256 1080 2340 quadam
1103 2257 1272 2324 dubitandi
1295 2261 1401 2342 specie

278 2355 456 2424 enuntient.
506 2353 635 2438 Optime
667 2354 708 2420 de
740 2354 802 2420 boc
833 2374 893 2420 usu
926 2354 1079 2437 loquendi
1112 2353 1317 2422 Hermannus
1350 2357 1402 2433 (de

277 2453 436 2538 particula
464 2448 505 2516 dir
533 2471 608 2536 pag.
640 2456 713 2531 166)
736 2451 844 2518 docet:
882 2452 1003 2534 „Attici
1033 2451 1178 2535 quidem,
1212 2453 1266 2535 qui
1289 2460 1403 2518 amant

278 2551 386 2618 omnia
409 2548 606 2616 dubitantius
630 2549 745 2630 dicere,
768 2569 847 2632 prae
868 2550 981 2616 ceteris
1003 2549 1065 2616 hoc
1086 2550 1222 2634 optativi
1242 2571 1302 2616 usu
1317 2551 1403 2616 dole

277 2653 412 2716 ctcntm.
457 2645 518 2725 Qui
548 2648 575 2714 si
606 2666 836 2731 nonuunquam
869 2646 965 2712 etiam
999 2667 1096 2730 quum
1128 2647 1206 2731 qnid
1228 2647 1402 2714 certissime

276 2746 415 2812 futurum
446 2743 555 2810 dicere
587 2745 715 2826 volunt,
749 2745 928 2828 optativum
960 2744 1161 2830 praeierunt,
1194 2765 1260 2810 non
1287 2752 1403 2812 estes

277 2842 476 2927 negligentia
507 2841 743 2922 existimanda,
778 2841 836 2908 sed
869 2841 971 2925 figura
1000 2843 1098 2908 etiam
1129 2842 1203 2908 aliis
1231 2843 1402 2924 generibus

277 2939 494 3018 usitatissima,
518 2960 583 3023 qua
603 2940 704 3006 verba
726 2939 934 3006 dubitationis
949 2939 1058 3022 plena,
1081 2939 1293 3022 pronunciata
1307 2940 1403 3024 signi·

278 3041 441 3119 ficantius,
470 3037 583 3104 lortius
604 3037 824 3108 asseverani.“
866 3035 957 3116 Quae
978 3055 1050 3102 cum
1072 3035 1119 3100 ita
1140 3037 1222 3117 sint,
1245 3057 1310 3102 non
1332 3057 1402 3121 pos-

278 3157 387 3206 sumus
415 3132 455 3201 s'iv
478 3141 589 3202 uotam
617 3135 714 3200 iutrni
743 3133 865 3218 dicare3
898 3134 996 3200 futuri
1023 3133 1073 3200 ris
1100 3153 1166 3198 non
1194 3134 1229 3198 in
1251 3135 1313 3199 bac
1334 3155 1403 3218 par-

277 3237 376 3303 ticula
407 3240 564 3310 versatur,
597 3229 656 3297 sed
687 3230 721 3295 in
744 3231 904 3315 optativo,
934 3231 1025 3314 cujus
1056 3230 1091 3295 in
1113 3231 1184 3296 loco
1206 3231 1337 3315 ponitur
1356 3232 1403 3297 in·

278 3331 457 3410 finitivusb.
501 3331 550 3397 Ac
580 3330 608 3396 si
639 3327 673 3394 in
706 3328 842 3412 optativi
874 3348 946 3394 oum
968 3324 1009 3394 ἄν
1042 3327 1217 3394 sociatione
1246 3335 1278 3394 et
1307 3329 1402 3394 futuri

279 3429 402 3513 aliquid
438 3428 546 3494 inesse
582 3432 614 3493 et
651 3425 746 3490 simul
783 3425 993 3492 dubitationis
1028 3425 1093 3490 vim
1126 3426 1228 3491 latere
1258 3446 1324 3491 non
1357 3433 1404 3494 est

280 3525 472 3611 negandum,
495 3526 577 3592 nihil
599 3521 743 3607 impedit,
766 3523 935 3606 quominus
955 3524 989 3588 in
1011 3521 1161 3588 infinitivi
1176 3541 1247 3588 cum
1262 3519 1304 3588 ἄν
1320 3530 1403 3588 stru-

279 3631 369 3692 ctura
400 3631 567 3707 utramque
595 3619 860 3706 significationem
889 3619 1086 3686 reconditam
1117 3638 1188 3686 esse
1216 3626 1402 3688 statuamus.
1504 3683 1505 3710 ἢ

280 3723 451 3790 Praeterea
466 3719 634 3788 Herbstius
655 3719 689 3784 in
713 3737 751 3785 eo
773 3717 835 3784 sibi
849 3716 977 3784 videtur
998 3735 1207 3800 repugnasse,
1230 3717 1326 3801 quod,
1349 3716 1403 3784 ubi
1504 3719 1505 3810 l

279 3884 483 3895 ——-—-—-

348 3961 370 4025 ⁶)
387 3957 430 4013 De
455 3957 540 4013 futuri
565 3931 698 4028 temporis*
720 3954 929 4025 significatione,
961 3967 1031 4022 quse
1058 3954 1153 4010 subest
1178 3954 1352 4023 conjunctivo
1377 3958 1403 4007 ct

282 4041 410 4112 optativo,
428 4042 613 4108 exposuerunt
628 4037 768 4094 Delbrdclr
786 4041 815 4091 et
830 4031 971 4090 Windisoh
989 4032 1113 4104 Syutskt.
1125 4033 1240 4091 Forsch.
1254 4051 1282 4104 p.
1299 4039 1330 4090 il
1343 4047 1400 4104 sqq.
