2972 4868
279 421 341 485 298
767 423 909 480 Fritzscbe

276 595 482 664 terminativa
502 595 603 661 radici
620 597 691 680 jam
714 597 898 682 duplicatae
919 595 1041 663 addita.
1076 596 1170 676 Quod
1192 617 1234 663 nc
1249 595 1406 678 audacius

278 692 397 758 dictum
419 691 567 758 videatur
588 693 669 760 baec
690 715 848 760 moneam.

366 790 397 873 1)
426 790 529 858 Voces
558 792 738 876 duplicatas
766 810 822 856 eas
844 811 977 872 quarum
1000 790 1177 874 duplicatio
1204 793 1337 874 integra
1360 797 1406 856 est

278 887 486 972 perantiquae
508 909 579 955 esse
602 891 706 955 elucet
727 888 805 954 inde
820 886 906 970 quod
928 908 1078 970 magnum
1101 908 1270 954 numerum
1292 909 1406 956 carum

277 987 457 1070 complures
485 987 615 1069 linguae
643 986 801 1071 praebent
837 984 890 1069 (ol.
919 983 1093 1069 βάρβαρος
1122 984 1296 1072 γαργαρής
1326 1009 1406 1068 γαρ-

193 1167 194 1170 ,
277 1082 424 1166 γαρίζειν
447 1088 645 1168 γεργέριμος
661 1082 824 1167 κάρκαροι
840 1080 1001 1166 κάρχαρος
1022 1082 1210 1168 (κάρχαρος)
1233 1089 1407 1167 μέρμερος

276 1178 437 1264 μορμύρω
453 1181 507 1245 all.
523 1185 648 1265 supral;
671 1180 756 1246 idem
772 1180 875 1262 magis
895 1180 992 1246 etiam
1015 1181 1218 1264 perspicuum
1242 1180 1278 1246 tit
1302 1181 1408 1265 dupli·

277 1277 403 1344 catione
424 1277 561 1342 infracta
583 1275 626 1361 (§.
650 1281 669 1341 5
693 1276 743 1361 A).

362 1374 396 1459 ’2)
434 1376 500 1440 Has
527 1382 634 1440 autem
662 1375 787 1440 radices
816 1375 993 1458 antiquitus
1021 1375 1202 1457 geminatas
1227 1375 1303 1457 jam
1325 1374 1407 1439 anti-

275 1472 436 1555 quissimis
463 1473 660 1555 temporibus
687 1493 797 1536 nouom
821 1472 974 1557 quondam
995 1473 1133 1534 radicem
1167 1473 1260 1554 quasi
1283 1473 1408 1556 simpli·

275 1588 344 1635 cem
382 1569 527 1636 effecisse
560 1570 677 1635 docent
710 1570 937 1653 duplicationis
973 1569 1128 1635 infractae
1159 1570 1283 1635 formae
1318 1569 1407 1634 haud

276 1686 384 1744 rarae,
419 1686 498 1748 quas
520 1668 560 1732 ob
584 1668 686 1750 ipsam
708 1669 798 1732 illam
821 1667 977 1732 unitatem
1000 1667 1127 1732 mutilas
1150 1665 1294 1732 evasisse
1317 1667 1406 1749 prius

276 1783 373 1846 quam
395 1763 506 1844 lingua
528 1766 769 1831 terminationes
784 1764 919 1830 adderet
941 1765 1115 1844 radicibus,
1138 1764 1332 1830 verisimile
1348 1771 1404 1830 est

362 1858 395 1942 3)
432 1847 601 1927 Oo'nsonae
630 1861 895 1927 determinativae
924 1863 1005 1927 alias
1034 1882 1160 1945 quoque
1196 1862 1240 1926 ad
1276 1862 1405 1926 radices

276 1957 486 2042 amplificatas
508 1957 1007 2045 accessere:-lyp-pydo-d-ooa.
1045 1959 1092 2025 ct
1109 1964 1287 2045 qao—t-d-or
1311 1960 1405 2041 cujus

277 2062 394 2122 sextat
409 2057 506 2121 etiam
522 2056 555 2120 in
572 2061 887 2142 φα-ε-σί-μβροτος,
905 2051 1057 2138 ὅλ-λυ-μι
1072 2052 1214 2122 ὤλ-ε-σα
1231 2054 1403 2128 ὀλ-έ-κ-ω,

276 2152 413 2217 καλ-ί-(υ
437 2153 670 2219 καλ-ι-νὸ-έ-ιυ
695 2154 895 2237 (κυλίνδ·ω);
933 2157 970 2218 R.
993 2179 1052 2237 rep
1076 2179 1083 2218 :
1106 2152 1204 2234 ἕρκος
1224 2185 1268 2204 =
1289 2153 1403 2236 ἒρύωε

276 2247 392 2334 ἐρύκω.
435 2251 618 2315 Paullulum
648 2251 752 2318 differt
773 2254 808 2318 'si
838 2277 877 2316 αν
907 2259 1112 2334 augmentum
1142 2251 1274 2316 additur
1302 2252 1402 2316 radici

276 2354 403 2413 auctae:
441 2343 574 2413 ἀλύσκω
605 2344 797 2430 ἀλυσκάνω,
832 2346 1007 2432 ἆμβλίσκω
1038 2345 1270 2431 ἀμβλισκάνω,
1304 2345 1402 2433 ὀφλι-

276 2441 399 2525 σκάνω,
416 2442 674 2529 ἓνριγισκάνειν·
690 2445 841 2533 ἐνριγοῦν
853 2449 929 2514 Hes.
942 2446 991 2530 (O.
1000 2447 1095 2512 Verb.
1104 2447 1130 2529 I,
1143 2450 1227 2523 tte).
1237 2483 1281 2492 —
1296 2447 1401 2510 Etiam

268 2540 465 2627 jobad-mi
483 2542 618 2609 fortasse
635 2546 805 2628 etreliqua
820 2544 919 2610 verba
934 2545 1092 2628 sanserita
1106 2563 1188 2626 qnae
1210 2565 1252 2606 no
1266 2545 1401 2628 ‚syllaba

274 2646 371 2705 aucta
405 2647 479 2705 sunt
514 2661 688 2707 consonam
729 2641 858 2708 finalem
893 2641 1173 2712 detennninativam
1207 2640 1309 2706 radici
1346 2641 1399 2706 ad·

277 2736 428 2802 didcrunt
463 2746 632 2821 postquam
669 2760 710 2802 no
746 2741 875 2823 syllaba
911 2738 944 2823 (e
976 2759 1038 2822 qua
1073 2745 1142 2802 orta
1178 2743 1228 2803 est
1263 2738 1398 2803 nasalis:

268 2833 432 2918 ju-n-y-o)
455 2837 590 2902 accessit
618 2835 673 2918 (ju
690 2859 697 2900 :
706 2836 784 2920 jot-9
800 2871 840 2890 ει
848 2837 1009 2920 jot-admi
1022 2860 1029 2900 :
1039 2833 1288 2919 ju·nu-9'·mz)⁶):
1325 2855 1396 2900 nam

277 2954 296 2994 o
318 2933 463 2998 vocalem
484 2941 565 3015 post
586 2935 731 2999 naualem
754 2941 873 2999 temere
904 2941 1005 3000 ortam
1034 2952 1105 2998 esse
1133 2952 1219 3014 nunc
1248 2953 1313 2998 non
1341 2934 1398 3000 erit

276 3029 332 3111 qui
354 3027 474 3094 eredat.
1162 3077 1165 3084 Δ

361 3131 405 3189 M
409 3123 644 3208 άρ-μακ-ος
680 3127 884 3212 Pythagorae
909 3133 1001 3208 pater
1029 3133 1061 3191 et
1082 3123 1254 3210 Μάρ-μαξ
1281 3126 1396 3210 Hippo·

277 3221 405 3288 damiae
441 3241 556 3305 procus
586 3225 718 3290 nomina
745 3224 906 3289 duxerunt
933 3243 951 3288 e
978 3223 1046 3288 rad.
1074 3247 1180 3306 μαρκ,
1217 3247 1315 3306 papa
1347 3220 1394 3305 (O.

252 3321 253 3324 ’
277 3321 333 3385 Nr.
350 3319 426 3408 626)
444 3318 530 3385 uude
544 3317 729 3404 propre-mg
744 3323 836 3403 latro,
859 3319 982 3404 βράξαι
998 3328 1030 3386 et
1043 3319 1179 3404 μάρψαι
1195 3320 1216 3384 i.
1232 3341 1263 3402 q.
1280 3309 1393 3386 collo-
1476 3321 1477 3328 ’

276 3421 366 3500 datu,
400 3421 556 3499 βρακεῑν·
591 3425 738 3484 συνιέναι
775 3416 891 3502 (Hes).
916 3409 1263 3500 ,Mamaeanos-igitur*
1281 3416 1392 3482 dictum

275 3520 325 3580 est
353 3531 411 3596 pro
433 3517 697 3598 Μαρ-μαρκ-ος,
730 3516 885 3600 Μάρμαξ
913 3537 970 3600 pro
999 3521 1243 3600 Meo-papas,
1275 3513 1314 3578 de
1333 3531 1391 3594 qua

347 3775 367 3837 ⁰)
389 3774 467 3841 Quod
484 3780 604 3848 quamvis
622 3796 676 3835 non
697 3795 783 3848 aeque
800 3779 913 3850 quadret
930 3780 958 3833 in
977 3793 1068 3833 omnes
1086 3778 1145 3846 ejus
1162 3778 1267 3846 generis
1283 3775 1382 3837 radices,

278 3864 368 3911 tamen
391 3863 515 3926 spectare
537 3861 662 3913 conuenit
683 3877 753 3928 quae
774 3861 900 3930 exposuit
923 3858 1101 3914 Windisch
1122 3857 1178 3912 KZ.
1202 3863 1247 3925 21,
1266 3863 1310 3911 407
1324 3871 1380 3921 squ,

278 3940 437 4008 praesertim
453 3946 596 4007 postquam
610 3940 720 3995 Fickius
735 3941 828 3996 docuit
845 3955 1008 4009 quamquam
1020 3955 1074 3993 non
1088 3937 1145 3992 sine
1157 3939 1270 4008 repetita
1282 3935 1381 3992 andacia

279 4022 397 4089 quantus
417 4035 542 4074 uumerus
560 4021 596 4074 sit
613 4021 733 4076 radicum
751 4019 878 4078 consonis
896 4019 1105 4075 determinetivis
1122 4023 1272 4074 aucarum.
