2972 4868
439 429 473 482 de
490 428 704 498 reduplicatione
720 443 828 497 graeca.
1143 431 1208 494 345

91 599 227 680 quamvis
262 599 481 664 iterativorum
511 619 551 666 ea
579 599 620 666 sit
648 608 764 666 natura
792 607 827 666 ut
854 599 948 666 radix
976 609 1110 686 utraque
1143 605 1208 669 vim

89 697 241 780 propriam
263 696 418 778 retincat,
441 697 528 764 unde
549 697 621 782 ipsa
643 699 692 764 vis
714 699 863 765 iterativa
885 697 1034 764 efficitur!

167 793 200 878 3)
237 794 421 877 Duplicatio
450 813 490 860 ea
519 803 673 878 quaeest
700 797 734 862 in
759 797 870 862 coristi
893 805 925 862 ot
952 798 1086 881 perlecti
1108 807 1210 883 syste-

87 893 175 957 matis
207 913 272 958 uon
304 891 494 974 intelligitur
522 894 584 959 nisi
615 894 777 960 intensiva
804 895 864 960 luit
891 893 941 960 vis
970 894 1208 978 duplicationis,

86 1009 151 1054 oum
166 989 276 1056 aoristi
299 989 464 1073 duplicati,
487 989 541 1072 qui
562 999 637 1056 suut
658 993 788 1074 linguae
810 1011 946 1074 graecae
969 999 1001 1057 ct
1022 995 1209 1075 samaritae,

86 1095 114 1152 et
147 1087 304 1170 perseam,
349 1106 432 1169 quae
474 1089 616 1153 omnium
658 1090 840 1172 linguarum
875 1089 1209 1172 indogermauicarum

84 1184 221 1264 luerunt,
251 1193 428 1250 orerentur.
473 1183 552 1250 Cum
575 1186 616 1252 de
639 1187 685 1252 eis
708 1186 928 1269 quaestionem
951 1206 991 1253 cx
1014 1187 1074 1252 hoc
1095 1188 1208 1254 libello

84 1283 307 1348 excluserimus
335 1281 431 1347 liceat
459 1281 494 1347 id
521 1288 646 1348 tantum
683 1303 814 1349 monere
842 1283 927 1366 quod
957 1283 996 1350 G.
1020 1283 1145 1351 Curtius
1174 1287 1208 1352 in

83 1380 159 1445 libro
176 1382 339 1462 Tempora
360 1377 428 1444 und
443 1379 531 1445 Medi
554 1387 597 1463 (p.
617 1384 675 1446 150
691 1383 773 1463 sqq.)
796 1381 917 1465 primus
936 1381 1053 1464 docuit,
1075 1383 1208 1450 aoristo-

82 1498 145 1541 rum
184 1475 420 1561 duplicatorum
457 1477 589 1560 triginta
622 1485 771 1560 quattuor
805 1479 860 1562 qui
892 1480 990 1562 vulgo
1022 1480 1208 1564 feruntur¹¹)
1264 1527 1266 1534 ι

82 1594 228 1656 maguam
250 1581 375 1657 partem
398 1573 451 1638 vel
466 1573 661 1640 intensivum
676 1573 741 1639 vim
763 1576 919 1659 praebere
933 1577 986 1642 vel
1009 1579 1207 1644 causativam

81 1691 118 1736 ex
139 1672 197 1738 illa
219 1677 339 1738 ortam:
363 1671 448 1754 quod
471 1671 557 1738 idem
580 1672 614 1736 in
635 1672 766 1756 liuguae
792 1673 971 1742 senscritae
992 1675 1122 1742 aoristis
1150 1674 1207 1740 du-

81 1770 204 1852 plicatis
233 1773 402 1856 reperitur.
446 1769 546 1836 Multo
574 1769 706 1854 majoris
739 1777 846 1836 antem
874 1771 1026 1838 momenti
1056 1779 1105 1838 est
1137 1793 1208 1856 per·

80 1867 229 1934 lectorum
253 1868 445 1953 duplicatio,
477 1887 540 1950 qua
562 1865 687 1934 radices
710 1869 847 1936 actionis
869 1869 1030 1952 perfectae
1051 1869 1209 1954 significa·

80 1965 192 2030 tionem
225 1974 434 2051 acceperunt:
473 1985 569 2048 quam
599 1965 664 2030 vim
693 1967 866 2032 auctiorem
903 1977 986 2044 (cum
1014 1969 1139 2034 auctius
1166 1969 1208 2037 sit
1315 2021 1318 2038 .

81 2080 171 2144 quam
193 2063 299 2146 ipsum
324 2083 466 2131 crescere
487 2061 522 2126 id
545 2060 629 2146 quod
652 2062 729 2128 inde
750 2063 927 2148 concrevit)
951 2085 969 2130 e
991 2064 1024 2128 vi
1045 2065 1208 2132 intensiva

81 2169 176 2230 ortam
199 2180 272 2228 esse
296 2163 363 2228 veri
387 2161 583 2228 simillimum
601 2165 659 2226 est.
689 2158 761 2238 Qua
775 2161 808 2224 in
827 2181 862 2228 re
885 2163 982 2228 etiam
1004 2161 1207 2246 respicienda

79 2265 148 2322 suut
169 2258 509 2342 perfeeto-praesentia
529 2255 706 2323 intensiva:
730 2263 877 2342 κέκραγα
899 2255 1099 2345 πεττότημαι
1120 2282 1207 2342 προ-

78 2357 220 2438 βέβουλα
245 2363 316 2438 eto,
344 2376 476 2438 quorum
498 2375 636 2436 maguus
659 2361 707 2420 cst
729 2374 879 2420 numerus
901 2355 934 2420 iu
957 2356 1069 2438 lingua
1090 2375 1207 2438 graeca

79 2454 408 2537 (undequinquaginta
444 2451 632 2534 collegimus
668 2451 904 2534 praetermissis
936 2450 1041 2518 dubiis
1075 2453 1205 2536 multis),

77 2569 155 2631 quae
178 2549 341 2635 quomodo
365 2548 518 2634 expediat
540 2547 722 2614 Gerlaudus
744 2567 858 2614 vereor
879 2555 914 2613 ut
936 2548 1065 2616 habeat.

158 2649 192 2733 4)
216 2647 275 2714 Vis
298 2649 465 2713 causativa
484 2645 710 2729 duplicationis
725 2634 796 2710 cum
812 2645 854 2710 sit
875 2647 1006 2728 linguae
1028 2648 1205 2714 sanseritae

76 2763 208 2826 graecae
231 2745 353 2810 latinae
377 2743 503 2809 videtur
525 2743 656 2826 linguae
676 2736 960 2826 indogermanicae
983 2743 1099 2810 luisse:
1122 2764 1205 2828 quae

74 2843 159 2909 vise
182 2844 215 2908 vi
240 2843 402 2908 intensiva
423 2839 551 2925 prodiit.

75 2997 278 3008 ————

138 3081 171 3146 22)
181 3077 327 3133 Accedunt
336 3074 430 3128 didm
440 3072 553 3138 (δάκνω)
565 3075 648 3128 Anth.
661 3077 700 3138 12,
713 3065 757 3140 15;Ι
776 3069 922 3142 ε’κέκραγον
932 3075 1009 3146 (ipsi
1019 3075 1054 3132 cf.
1065 3073 1203 3142 ἐκέκραξα)

73 3157 158 3218 LXX;
186 3157 345 3224 πεπαγοίην
365 3154 436 3224 qnod
459 3170 492 3209 ex
509 3153 644 3224 Eupolide
661 3153 741 3208 affert
758 3153 848 3208 Schol.
867 3157 890 3208 Ξ
909 3159 956 3210 itt
985 3155 1030 3218 (cf.
1048 3156 1149 3209 Buttm.
1168 3153 1202 3208 A

77 3237 119 3292 Gr.
137 3239 186 3306 11²,
204 3239 281 3304 273);
296 3239 432 3306 ’τετορεῖν
449 3250 464 3290 e
483 3233 623 3305 τετορήσω
641 3233 734 3288 futuro
756 3234 782 3298 (i.
801 3250 826 3302 q.
846 3235 982 3303 clamabO,
1009 3237 1056 3290 Ar.
1074 3235 1134 3289 Pax
1152 3239 1199 3290 381

74 3315 211 3390 τετορήσω
230 3319 319 3371 ταῦτα
337 3320 382 3368 καὶ
399 3315 565 3385 λακήσομαι)
588 3315 745 3384 depromere
762 3314 825 3370 licet
849 3315 894 3377 (cf.
912 3315 1035 3369 scaudala
1052 3313 1203 3381 κεκαδήσω,

74 3397 197 3451 amicata
227 3396 388 3464 πεπιθήσω,
417 3394 580 3466 πεφιδόμην
606 3392 811 3462 πεφιδήσομαι)
844 3396 949 3452 etiamsi
975 3397 1058 3452 missa
1086 3395 1202 3450 facimus

75 3478 195 3550 ltiropav
214 3481 284 3545 (cod.
303 3484 403 3549 ·pop-)·
428 3476 588 3544 ἐτρύπησιν.
612 3476 733 3543 τέτορεν·
752 3472 879 3544 ἔτρωσεν.
898 3482 1019 3545 τετορεῖν
1036 3475 1106 3535 tcod.
1125 3479 1200 3541 -είη)·

74 3560 178 3619 τρῶσαι
196 3559 266 3625 (cod.
286 3565 332 3624 -ει)
350 3559 530 3629 Hesychiana.
552 3586 585 3596 -
609 3558 752 3625 πεπορεῖν·
777 3555 873 3610 δοῦναι
891 3556 955 3612 Hes,
973 3557 1008 3612 ad
1025 3556 1102 3612 Plnd.
1120 3555 1201 3626 Pyth.

75 3636 108 3704 ΙΙ,
126 3644 156 3694 et
181 3639 265 3706 redit,
287 3641 334 3696 ubi
356 3639 418 3696 libri
442 3637 565 3693 meliores
592 3639 723 3706 πεπαρεῖν
747 3637 896 3706 pracbeut3
928 3637 963 3692 ci.
986 3633 1194 3706 πεπαρεύσιμον

72 3716 237 3792 adaquator,
261 3721 349 3790 σαφές
365 3719 430 3776 Hes.
