2958 4868
313 456 374 516 150
636 411 641 426 ’
809 457 938 527 mogus

396 631 630 697 Posterioribus
651 650 731 696 sane
753 631 968 715 temporibus,
996 635 1031 695 ut
1052 630 1208 714 imprimis
1231 651 1271 697 ex
1292 634 1422 702 versibus
1471 659 1472 672 ,

313 728 453 813 politicis
481 729 699 811 cognoscitur,
729 729 796 794 alia
825 747 926 812 eaque
954 727 998 793 ad
1025 735 1168 794 nostram
1197 730 1329 813 propius
1350 753 1422 799 acoe-

311 827 408 892 dente
443 826 567 892 ratione
609 826 755 910 syllabas
791 834 927 894 accentu
962 826 1134 891 instructas
1174 829 1421 911 pronuntiabant.

311 927 395 988 Tum
416 931 525 990 autem
546 923 677 989 fortiore
698 924 909 1007 respiratione
931 944 997 988 non
1019 923 1123 988 solum
1139 925 1288 1008 syllabae
1310 929 1423 993 circum-

311 1020 424 1103 flexae,
447 1041 558 1088 rerum
581 1021 695 1087 eodem
717 1021 813 1086 modo
836 1021 933 1087 etiam
955 1027 1069 1086 acutae
1090 1021 1361 1104 producebantur.

396 1143 524 1210 Deinde
557 1163 633 1210 vero
663 1144 756 1210 Subli
784 1145 839 1210 lex
871 1165 1001 1227 prorsus
1028 1151 1174 1226 vagatur.
1219 1147 1270 1212 De
1306 1151 1423 1234 syllabis

311 1249 437 1309 tantum
459 1249 595 1307 accentu
615 1241 772 1325 praeditis
794 1243 943 1324 loquitur,
980 1241 1022 1308 de
1049 1242 1122 1308 aliis
1150 1241 1231 1308 nihil
1254 1267 1317 1314 nos
1340 1247 1423 1314 docet.

311 1339 479 1420 Quomodo
503 1358 578 1422 ergo
604 1339 882 1422 pronuntiabimus
905 1363 932 1402 ω
954 1339 988 1404 in
1011 1336 1214 1424 ἄνθρωπος,
1245 1368 1258 1408 ι
1288 1345 1324 1410 in
1352 1344 1423 1432 τιμή,

310 1463 330 1525 η
353 1439 388 1502 in
411 1435 577 1522 πολλνηςλ
614 1436 739 1502 Suntne
754 1437 818 1502 hac
833 1437 962 1503 vocales
985 1444 1099 1519 „acute
1117 1439 1258 1522 longae“
1274 1463 1320 1508 an
1336 1465 1425 1528 „pror-

309 1555 365 1602 sus
386 1533 550 1618 longae“‘l
594 1533 633 1598 Id
655 1534 742 1600 enim
763 1555 829 1599 non
845 1534 1063 1617 comperimus
1086 1554 1127 1600 cx
1149 1535 1211 1602 hac
1233 1539 1308 1622 ejus
1331 1542 1424 1626 regulo

309 1667 352 1678 -
375 1631 449 1709 „die
470 1632 591 1714 langen
607 1631 728 1698 Vooale
749 1631 903 1698 zerfallen
924 1631 959 1696 in
981 1633 1169 1714 2Klassen,
1196 1640 1225 1711 1)
1242 1638 1423 1723 diejenigen¹

309 1730 449 1812 welche,
473 1749 569 1796 wenn
590 1729 639 1796 sie
660 1730 773 1794 betont
794 1728 885 1805 sind,
917 1729 980 1796 den
1003 1732 1092 1797 Akut
1113 1734 1220 1802 haben
1247 1737 1322 1803 und
1344 1738 1425 1804 daher
1471 1773 1472 1806 t

309 1827 504 1894 akutisch
532 1827 629 1910 lang
661 1833 808 1910 genennt
834 1825 967 1893 'werden
995 1835 1128 1914 mogon,
1173 1837 1204 1910 2)
1242 1834 1423 1919 dieJenigcn,

309 1924 443 2006 welche,
466 1943 561 1990 wenn
583 1924 631 1990 sie
653 1925 766 1990 betont
786 1923 870 2002 sind,
895 1925 956 1990 den
981 1925 1172 1995 Circumdex
1194 1931 1324 2016 baben,
1356 1933 1424 2000 diese

309 2028 427 2105 mdgen
449 2041 548 2104 ganz
570 2022 668 2104 lang
689 2021 853 2088 hcissen.“

396 2146 479 2209 Tum
507 2151 543 2209 ut
571 2145 686 2225 longas
714 2148 845 2212 vocales
881 2147 965 2210 ultra
1000 2145 1135 2214 duarum
1162 2171 1331 2220 morarum
1357 2172 1425 2218 men·

310 2263 417 2310 suram
439 2241 572 2326 produci
593 2241 818 2328 concedamus,
840 2245 1042 2331 diphthongi,
1066 2268 1149 2331 quae
1171 2269 1190 2315 e
1211 2249 1342 2318 duobus
1357 2249 1425 2317 sonis

309 2347 558 2424 componantur,
595 2340 685 2405 nullo
721 2342 816 2408 modo
851 2364 1035 2412 mensuram
1067 2348 1252 2436 naturalem,
1286 2349 1425 2416 excedere

309 2444 453 2524 possunt,
470 2437 556 2520 quod
574 2435 805 2522 physiologicis
821 2461 947 2525 quoque
961 2443 1138 2510 rationibus
1153 2443 1323 2534 prbbbliur.
1360 2446 1425 2512 Nau

187 2587 189 2591 -
310 2557 338 2603 e.
361 2557 391 2620 g.
415 2532 473 2611 εἰς
490 2536 518 2601 si
535 2539 759 2619 ,peramplius
781 2541 933 2623 temporis
955 2541 1095 2625 spatium
1118 2531 1334 2624 pronunliare
1354 2543 1425 2608 voles
1470 2589 1471 2628 ss

309 2657 405 2721 quam
428 2636 488 2716 εἵς,
511 2635 694 2702 necessario
717 2635 795 2704 edes
816 2642 872 2702 aut
894 2625 935 2724 ᾗς
956 2645 1013 2704 aut
1036 2637 1096 2715 dm.

395 2769 561 2835 Postremo
584 2787 661 2834 vero
683 2787 761 2831 num
783 2769 885 2833 ullam
906 2769 1006 2836 habet
1027 2769 1267 2853 probabilitatis
1291 2771 1424 2855 speciem,

310 2867 452 2934 Graecos
479 2865 514 2931 in
542 2866 657 2930 harum
682 2883 797 2930 vocum
818 2865 973 2932 flexione:
1009 2867 1140 2951 γλῶττα
1162 2903 1204 2914 -
1225 2866 1425 2954 γλώττης-

309 2959 468 3048 γλῶττάν,
496 2961 578 3049 τιμή
607 2997 649 3008 --
678 2969 842 3046 τιμῆς-
863 2961 973 3050 τιμήν,
1003 2964 1147 3051 πολίτης
1172 3001 1214 3012 -
1235 2966 1425 3030 πολῖται-

311 3063 468 3138 πολίταις
490 3061 621 3126 vocales
643 3083 663 3146 η
681 3082 708 3122 ω
733 3085 745 3124 ι
767 3061 863 3126 modo
886 3061 1021 3126 duarum
1043 3061 1139 3128 modo
1160 3063 1256 3127 trium
1280 3081 1425 3130 morarum

309 3179 461 3226 mensura
483 3156 733 3242 pronuntiasse?
776 3158 908 3241 Vereor,
935 3165 970 3223 ut
991 3158 1139 3241 cuiquam
1161 3160 1222 3225 hoc
1244 3160 1425 3244 persuadeat

311 3257 452 3324 Sublius.

396 3369 464 3438 Sed
491 3372 527 3434 ut
548 3363 592 3429 ad
613 3361 732 3430 formas
758 3367 927 3434 distractas
955 3364 1139 3446 redeamus,
1169 3366 1212 3431 ad
1235 3387 1319 3449 quas
1341 3367 1422 3451 expli·

311 3469 432 3536 caudas
460 3468 488 3534 is
516 3471 616 3530 totam
645 3465 730 3530 hanc
764 3465 941 3530 doctrinam
971 3467 1216 3550 excogitaverit,
1253 3489 1299 3535 ne
1328 3469 1422 3534 harum
1469 3483 1470 3568 p

311 3566 441 3650 quidem
478 3562 701 3630 distractiones
736 3583 777 3629 cx
813 3564 883 3647 ejus
916 3566 1030 3647 regula
1065 3583 1193 3649 semper
1234 3571 1422 3632 excusantur.

310 3663 382 3742 Qua
404 3662 490 3729 enim
504 3661 538 3725 vi
553 3679 668 3725 vocum
690 3657 891 3748 εὖχετῴμην,
915 3657 1115 3744 deridetur,
1139 3657 1253 3750 ὁρώσῃ
1272 3688 1300 3727 ω
1325 3665 1422 3745 „acute

311 3759 435 3842 longa“
463 3760 509 3824 ita
541 3757 740 3842 producitur,
772 3765 812 3835 ut
844 3758 940 3823 trium
972 3779 1132 3825 morarum
1161 3761 1232 3826 vioe
1263 3753 1423 3843 iungatur?

312 3859 437 3922 Tamen
459 3861 588 3922 exstant
608 3856 731 3922 iormae
753 3854 939 3922 distractae:
970 3854 1191 3945 εὐχετοῴμην,
1214 3855 1421 3928 ἀντιοώντων,

288 3948 459 4040 'desdorp

397 4051 466 4116 Hac
487 4048 584 4132 igitur
605 4051 660 4116 via
687 4069 758 4115 cum
780 4050 861 4116 nihil
891 4051 985 4118 nobis
1012 4051 1166 4153 proficere
1193 4051 1360 4118 videamur
1378 4065 1420 4113 ne·
