2972 4868
289 447 355 510 280
783 437 925 504 Fritasche

282 601 519 710 duplicationis
541 623 681 708 speciem
702 588 1017 707 praebueruntnum
1039 642 1152 689 revera
1176 623 1218 690 sit
1241 621 1405 707 duplicatio

290 744 357 788 non
379 723 478 788 habui
501 723 555 804 qui
578 721 796 805 dijudicarem.
843 721 950 802 Quare
977 728 1143 806 praestare
1165 722 1333 788 videbatur
1353 721 1406 784 illa

289 821 438 886 omittere
470 839 566 902 quam
598 840 712 886 vocum
744 820 868 901 absque
901 819 997 885 dubio
1031 820 1266 904 duplicatarum
1297 839 1407 902 magno

291 938 426 984 numero
452 937 604 1000 magnum
632 918 824 983 incertarum
853 937 1018 982 nnmerum
1048 917 1185 982 addere:
1219 917 1302 998 quod
1322 937 1408 1000 prac-

289 1017 400 1084 sertim
423 1036 503 1100 opus
524 1016 582 1081 fuit
603 1017 637 1080 in
659 1035 694 1080 re
716 1015 776 1080 etsi
804 1014 892 1079 baud
915 1034 1075 1098 quaquam
1097 1013 1285 1080 abscondita
1306 1021 1408 1078 tamen

291 1113 455 1196 hucusque
491 1119 558 1177 tam
597 1114 741 1196 paullum
777 1118 922 1177 tractata.
973 1111 1057 1178 Nam
1094 1111 1128 1175 in
1167 1111 1409 1194 duplicationem

289 1231 440 1294 graecam
462 1217 590 1292 practer
612 1209 925 1299 Ddderleinium
953 1209 1078 1288 (Reden
1099 1208 1166 1274 und
1188 1207 1345 1287 Auisatze
1369 1208 1409 1283 Ill

291 1329 374 1374 unus
406 1308 585 1372 accuratius
613 1307 780 1389 inquisivit
807 1307 1038 1372 Lobeckius
1071 1305 1280 1386 Pathologiae
1308 1299 1411 1387 giaeci

290 1406 447 1484 sermonis
469 1406 699 1471 elementorum
721 1405 827 1487 capite
848 1405 968 1487 primo,
1002 1403 1088 1486 quod
1116 1410 1166 1467 est
1187 1401 1228 1466 de
1257 1403 1412 1485 prosthcsi

291 1509 324 1570 et
356 1503 526 1586 aphacrcsi
561 1512 603 1585 tp.
630 1507 686 1566 151
712 1504 804 1584 sqq).
864 1501 998 1567 Accedit
1030 1499 1303 1566 Hainebachii
1345 1505 1413 1582 „De

291 1618 428 1683 graecae
448 1600 579 1682 linguae
600 1597 855 1682 reduplicatione
883 1602 1011 1684 pr‘aeter
1037 1597 1213 1681 perlectum
1236 1596 1411 1663 dissertatio

293 1696 517 1776 scholastica“,
541 1713 623 1778 quae
645 1695 764 1778 prodiit
785 1696 921 1762 Giessae
946 1701 1035 1762 1847.
1080 1695 1145 1761 Sed
1167 1695 1353 1778 priusquam
1375 1696 1412 1760 ad

292 1811 360 1859 rem
387 1793 492 1878 ipsam
520 1791 710 1859 accedamus
728 1793 824 1876 juvat
852 1813 956 1878 pauca
977 1813 1108 1859 monere
1130 1793 1172 1858 de
1193 1793 1327 1858 matoria
1350 1795 1413 1858 uni-

292 1911 388 1957 versa
410 1890 624 1974 disponenda.

378 1988 613 2072 Duplicaticnis
646 1989 750 2054 omnis
784 1989 861 2072 quin
893 1989 982 2071 origo
1015 1987 1110 2054 fucrit
1142 1993 1244 2054 caut
1271 1987 1413 2070 integrae

290 2083 418 2152 radices
446 2085 496 2151 bis
525 2093 720 2168 ponerentur
741 2108 808 2152 non
830 2093 879 2152 est
900 2086 1042 2151 dubium.
1087 2084 1195 2163 Quare
1217 2105 1238 2149 a
1259 2085 1413 2169 principio

292 2184 406 2250 eadem
439 2183 509 2266 ejus
542 2183 601 2248 fuit
632 2185 714 2249 ratio
746 2203 785 2248 ac
822 2191 936 2268 postea
966 2185 1139 2249 verborum
1175 2183 1414 2264 geminationim

292 2281 391 2347 animi
415 2281 500 2346 enim
522 2281 575 2346 vel
602 2281 816 2347 admiratione
837 2283 890 2347 vel
918 2281 1038 2364 gaudio
1059 2282 1113 2346 vel
1136 2279 1248 2346 dolore
1270 2281 1414 2346 commoti

291 2397 420 2461 semper
440 2377 499 2442 fuit
521 2397 577 2444 cas
598 2397 696 2444 voces
718 2376 854 2443 subinde
876 2377 973 2444 edcrc
994 2379 1111 2460 quibus
1126 2377 1213 2461 quod
1228 2379 1300 2461 quis
1322 2379 1414 2445 sendt

292 2476 432 2544 effertur.
483 2475 579 2542 Unde
611 2482 644 2542 et
684 2476 833 2540 iterativa
866 2475 1076 2558 durativaquc
1108 2476 1338 2559 duplicationis
1369 2477 1414 2540 ris

291 2573 482 2656 intelligitur
504 2579 536 2638 et
557 2571 721 2639 intensiva
742 2591 781 2637 ac
803 2593 886 2656 quae
908 2573 985 2640 inde
1013 2574 1113 2638 crevit
1141 2575 1325 2650 causativa,
1360 2591 1413 2639 nec

292 2691 359 2738 non
380 2691 518 2754 magnus
540 2677 573 2736 et
594 2671 834 2754 antiquissimus
862 2671 1088 2755 duplicationis
1108 2690 1200 2737 usus:
1216 2701 1222 2712 ·
1238 2673 1293 2755 qui
1325 2691 1413 2754 quam

291 2767 359 2834 late
399 2775 509 2852 pateat
549 2788 608 2853 per
644 2769 829 2834 universum
868 2788 970 2851 genus
1015 2770 1190 2834 humanum
1234 2770 1413 2836 doctissime

292 2866 442 2948 exposuit
473 2865 652 2931 Pettius:
695 2867 890 2949 Doppelung
921 2867 971 2932 als
1004 2867 1093 2932 eines
1126 2865 1185 2930 der
1216 2867 1415 2950 wicbtigstcn

292 2961 557 3046 Bildungsmittel
590 2963 648 3028 der
669 2963 813 3048 Spracbe
839 2965 1023 3029 bclcuchtct
1054 2984 1113 3029 aus
1141 2963 1311 3047 Spracben
1342 2966 1416 3030 aller

292 3060 513 3142 Wolttbeilc“‚
546 3061 667 3144 Lemgo
695 3083 726 3126 u.
757 3061 909 3126 Detmold
939 3064 1030 3126 1862.
1087 3061 1125 3125 In
1153 3061 1417 3144 indegermanioa

293 3165 401 3224 autem
429 3159 540 3241 lingua
561 3178 658 3241 quam
685 3160 818 3242 antiqua
850 3158 1024 3243 duplicatio
1053 3157 1094 3224 sit
1115 3159 1257 3224 elucebit
1278 3179 1322 3225 ex
1344 3159 1417 3243 ipsis

292 3255 426 3321 vocibus
447 3255 535 3321 haud
560 3256 672 3339 paucis
687 3253 731 3338 (ξ.
744 3256 789 3340 5).
821 3257 905 3322 Nam
927 3256 1152 3340 duplicationis
1176 3256 1280 3322 donec
1295 3259 1418 3322 nullum

293 3360 363 3419 erat
377 3353 580 3419 averborum
592 3353 811 3435 geminatione
831 3353 1015 3435 discrimen,
1038 3353 1213 3419 verisimile
1229 3361 1279 3420 est
1294 3355 1419 3420 radices

257 3520 263 3541 x
293 3450 473 3532 geminatas
494 3451 578 3517 inter
599 3469 635 3516 se
656 3451 755 3516 fuisse
770 3452 934 3532 aequales.
964 3451 1029 3516 Sed
1049 3457 1219 3535 postquam
1235 3452 1290 3534 qui
1313 3453 1419 3534 loque·¹

294 3547 412 3613 bantur
439 3555 609 3614 senserunt
635 3548 754 3614 radicis
782 3549 832 3614 bis
860 3549 985 3630 positae
1013 3550 1135 3614 unitate
1163 3549 1307 3614 monada
1331 3545 1418 3631 quasi

294 3663 413 3708 novam
435 3652 647 3728 consertam,
680 3645 806 3712 radices
833 3647 982 3729 geminae
1004 3665 1068 3710 non
1096 3665 1206 3712 omncs
1231 3649 1419 3712 manserunt

295 3741 456 3824 integrae,
489 3742 547 3808 sed
575 3761 651 3827 pars
672 3762 693 3807 a
714 3741 777 3808 fine
798 3743 912 3808 mutila
937 3743 1023 3808 lacta
1044 3749 1093 3809 est
1113 3743 1183 3826 jam
1211 3743 1300 3826 prius
1323 3759 1418 3824 quam

294 3839 407 3920 lingua
428 3838 596 3931 primaeva
614 3839 734 3924 incepit
760 3840 922 3906 radicibus
949 3839 1070 3906 addere
1098 3841 1339 3906 terminationes
1368 3836 1416 3914 (cf.

296 3939 326 4012 ς.
343 3932 387 4020 5).
422 3937 534 4020 Longe
555 3937 659 4020 major
679 3957 756 4002 vero
777 3958 853 4021 pars
874 3937 1083 4021 posteriorem
1104 3937 1263 4021 syllabam
1285 3933 1417 4003 exhibet

295 4029 464 4116 integram,
488 4035 627 4119 priorem
648 4041 755 4100 autem
776 4041 832 4100 aut
853 4042 978 4100 auctam
996 4042 1053 4100 aut
1073 4035 1280 4101 imminutam.
1319 4025 1413 4098 Unde
