2958 4868
426 458 468 514 De
486 457 599 516 discissi
616 460 760 516 homerica.
832 417 835 424 1
1090 462 1150 524 149

48 650 114 712 prae
134 629 243 696 ceteris
264 630 368 696 audiri
389 625 543 714 uelimus,
573 632 696 715 majore
718 633 751 698 vi
773 633 842 712 vel,
870 639 906 698 ut
927 653 997 700 curn
1021 637 1150 722 physio-

48 728 115 809 logis
135 728 254 810 loquar,
276 729 406 795 fortiore
428 729 638 812 respiratione
661 730 917 814 pronuntiemus,
948 731 989 798 de
1012 733 1151 800 Gracco·

49 846 102 889 rum
122 826 302 892 accentibus
330 827 427 909 longe
455 829 554 892 aliter.
576 827 780 894 statuendum
810 834 866 895 est.
912 829 951 894 Ei
981 831 1081 910 enim,
1115 840 1150 898 ut

45 923 96 1004 jam
117 925 243 990 nomine
265 923 441 1010 προςῳδία
463 928 628 1003 (occentus)
652 924 811 1008 discimus,
834 946 899 992 non
915 926 981 992 alia
996 928 1037 994 de
1052 949 1151 996 causa

48 1022 121 1102 signa
141 1023 198 1088 illa
220 1021 442 1106 appingebant
464 1041 559 1104 quam
582 1030 616 1087 ut
639 1023 833 1105 indicarent,
863 1043 927 1106 qua
948 1025 1036 1092 vocis
1059 1029 1149 1110 quasi

47 1117 245 1184 modulatione
274 1119 514 1201 pronuntianda
543 1127 650 1186 essent
677 1121 844 1186 vocabula.
889 1119 937 1186 Ol.
967 1143 1049 1206 quae
1078 1127 1150 1190 sub-

45 1217 171 1284 tilissime
202 1219 262 1284 hac
291 1217 332 1282 de
359 1238 393 1284 re
422 1218 572 1284 disseruit
595 1218 806 1304 Hadleyus
835 1219 868 1284 in
898 1218 984 1286 (lunt,
1012 1223 1149 1305 „Stud.“

45 1311 72 1396 ll,
92 1319 148 1380 409
170 1336 241 1400 sqq.

112 1447 296 1543 sufficiebat
317 1456 425 1514 autern
449 1467 505 1514 eas
526 1448 672 1532 syllabas
694 1447 795 1530 signis
816 1455 937 1532 notare,
965 1469 1048 1532 quae
1070 1469 1149 1518 voce

41 1551 118 1610 acuta
138 1547 233 1628 quasi
254 1546 461 1611 canebantur.
505 1545 579 1612 Jam
608 1545 738 1630 syllaba
763 1545 876 1628 longa,
906 1565 988 1628 quae
1015 1555 1149 1614 accentu

42 1639 240 1726 distinguitur,
270 1643 428 1728 triplici
450 1643 564 1708 medo
593 1643 794 1726 pronuntiari
816 1649 931 1728 potest.
976 1645 1041 1710 Aut
1063 1647 1148 1712 enim

42 1745 92 1802 tota
117 1741 248 1824 syllaba
275 1760 338 1805 uno
369 1739 548 1824 eodemque
575 1760 655 1807 sono
683 1747 776 1806 acuto
804 1741 929 1806 canitur
961 1741 1149 1829 (προςῳδία

42 1831 139 1919 ὀξεῖα),
171 1858 199 1904 e.
221 1859 252 1921 g.
276 1837 341 1916 εἵς,
372 1837 453 1926 τιμή
462 1843 521 1916 (a),
552 1845 608 1904 ant
636 1839 742 1922 priore
769 1838 918 1923 syllabae
946 1847 1038 1923 parte
1059 1840 1149 1908 lusce

40 1932 111 2000 edita
136 1936 173 2002 in
202 1937 378 2020 posteriore
400 1936 528 2002 demum
557 1941 649 2020 parte
670 1957 733 2002 vox
755 1935 798 2002 ad
826 1957 940 2002 sonum
961 1938 1053 2003 illum
1076 1957 1148 2004 acn-

39 2035 92 2094 tum
118 2033 249 2099 effertur
277 2035 343 2116 (qui
370 2042 521 2100 accentus
551 2056 616 2100 non
638 2034 743 2100 minus
765 2054 859 2118 quam
890 2035 944 2118 qni
965 2037 1063 2119 vulgo
1091 2037 1149 2102 cir·

38 2129 199 2197 cumllexns
214 2137 353 2210 vocatur,
371 2133 406 2196 in
420 2132 508 2198 vocis
523 2131 662 2198 flexione
676 2132 800 2216 positus
815 2141 874 2216 est,
890 2153 990 2217 quare
1003 2141 1147 2200 veterum

39 2226 169 2308 quidam,
201 2235 236 2294 ut
258 2228 398 2294 Glaucus
421 2229 562 2308 Samius,
594 2249 666 2296 eum
695 2231 824 2312 proprio
852 2232 982 2298 nomine
1004 2228 1149 2296 ἀντανα-

38 2323 196 2414 alansone
221 2326 389 2408 dixerunt),
422 2347 504 2410 e.·g.
527 2323 760 2409 ἄντια-όντων,
792 2323 1054 2411 ἅντιώντωνῦι),
1092 2337 1149 2396 aut

37 2421 109 2500 prior
130 2423 279 2508 syllabae
307 2446 382 2508 pars
404 2445 483 2492 sono
505 2430 598 2490 acuto
622 2424 756 2506 canitur,
786 2422 820 2488 in
849 2426 1025 2507 posteriore
1055 2433 1149 2509 parte

36 2517 70 2582 ad
95 2522 205 2604 paullo
228 2523 409 2605 graviorem
438 2543 551 2589 sonum
580 2519 757 2588 deflectitur
779 2541 842 2586 vox
865 2525 1146 2610 (περισπωμένη),

39 2633 58 2678 c.
77 2637 105 2700 g.
128 2615 351 2698 ἀντιά-οντες,
375 2618 619 2698 danamarcam:

85 2797 107 2836 a.
314 2781 340 2837 b.
743 2793 765 2834 c.
877 2819 883 2840 ι

83 2871 283 3042 risse-s
315 2854 710 3043 effla-mes
743 2893 863 3040 ria*

123 3113 236 3177 τι-μη
359 3087 463 3155 ὄιν-τι
483 3129 499 3139 -
514 3111 560 3154 ων
574 3111 669 3154 -των
788 3083 828 3152 ἄν
842 3111 1077 3166 -τι-ων-τες

110 3267 233 3346 Quibus
261 3275 397 3352 apparet
424 3287 553 3352 prorsus
582 3263 725 3334 sulficere
753 3265 796 3331 ad
824 3285 936 3332 vocem
963 3265 1022 3332 tali
1049 3264 1145 3332 mode

35 3359 233 3448 flectendam,
256 3367 277 3431 i.
302 3386 329 3431 e.
352 3364 395 3430 ad
418 3363 652 3432 circumflexum
682 3363 867 3446 ponendum
884 3363 1023 3430 ‘duarum
1044 3383 1148 3429 mora·

35 3477 93 3523 rum
116 3463 277 3546 syllabam
299 3465 485 3546 nullamque
507 3481 578 3528 esse
600 3479 744 3543 causam,
771 3481 827 3528 our
848 3461 993 3546 syllabas
1015 3461 1147 3527 circum-

34 3553 126 3624 flexas
145 3562 187 3626 ab
209 3561 300 3626 initio
315 3561 409 3626 trium
424 3579 584 3625 morarum
599 3579 782 3626 mensuram
797 3558 949 3625 habuisse
967 3558 1144 3625 credamus.

31 3651 99 3718 lam
129 3678 198 3724 cum
221 3657 440 3724 circumflexus
467 3657 549 3722 nibil
578 3657 667 3722 aliud
693 3658 734 3722 sit
762 3656 825 3723 nisi
847 3657 1002 3738 signum
1024 3656 1145 3722 melo·

32 3749 135 3835 diae,
173 3775 236 3838 qua
265 3776 328 3822 vox
361 3761 510 3832 canatur,
547 3753 799 3820 luculentissime
826 3759 977 3838 apparet,
1015 3753 1145 3820 solius

31 3846 146 3931 hujus
168 3853 274 3936 signi
296 3853 328 3918 vi
342 3851 512 3937 syllabam
534 3851 666 3936 produci
687 3873 753 3918 non
775 3870 880 3936 posse.
919 3851 988 3916 Hoc
1010 3851 1145 3918 enimsi

30 3963 175 4028 sumeres,
197 3958 458 4034 consequeretur,
481 3968 737 4032 unumquemque
760 3969 890 4028 sonum,
919 3967 981 4074 quo
1003 3947 1145 4016 acutiore
1174 3957 1183 3974 ⁰

28 4063 108 4110 voce
129 4045 290 4131 ederetur,
303 4067 341 4116 eo
363 4047 541 4130 longiorem
562 4066 643 4114 esse.
