2972 4868
264 413 326 475 308
757 419 898 478 Fritzsch'e

263 586 471 672 (μοιμάλλειν
510 597 581 671 (μοι
615 597 660 674 μῦ
695 593 805 676 λέγειν
833 593 918 670 uod.)
956 551 1111 679 taxatas
1154 602 1386 676 μοι-μυ-ἇν

263 695 369 752 autem
394 685 447 770 (τὸ
470 686 511 751 τά
532 689 624 775 χείλη
649 691 737 773 πρὸς
760 688 885 778 ἄλληλα
908 691 1064 776 συνάγειν
1092 691 1179 770 Hes,
1217 693 1256 757 af.
1278 691 1385 758 suin:

263 791 349 865 μυᾶν
372 783 446 850 ἐστι
460 781 498 849 uo*
514 784 555 848 τὰ
569 785 662 873 χείλη
687 787 775 872 πρὸς
798 785 924 875 άλληλα
947 788 1112 873 συνάγειν,
1139 786 1228 854 Saul
1251 789 1386 871 μάλλειν

262 882 409 969 λέγεται)
432 884 468 948 L.
488 883 655 950 Dindorlio
677 906 808 952 suasore
830 885 957 972 (Thau.)
979 909 1000 952 a
1022 888 1061 952 G.
1077 886 1243 952 Dindorlio
1265 889 1387 953 restitu-

262 990 329 1048 tum
357 982 473 1064 legitur
499 981 594 1046 Arist.
618 983 694 1066 Lys.
721 987 790 1049 126.
834 985 975 1064 Quorum
1004 985 1097 1050 radix
1123 990 1172 1050 ast
1194 1009 1257 1066 μυ-
1273 982 1385 1068 (μα’-ω,

263 1080 377 1146 O.·Nr.
400 1076 494 1163 478);
531 1077 726 1160 μοιμύλλειν
762 1090 869 1148 autem
902 1083 1022 1167 prodiit
1052 1089 1108 1148 aut
1136 1102 1155 1148 θ
1186 1083 1254 1164 μυλ
1280 1082 1387 1148 radica

181 1239 186 1249 ,
264 1177 477 1243 determinata
506 1176 557 1253 (al.
580 1175 674 1257 μυ-ὁ,
701 1175 834 1260 ulid-og,
857 1179 1011 1262 μύνδ-υς)
1042 1187 1098 1244 aut
1119 1199 1138 1245 a
1159 1180 1291 1246 nomine
1313 1200 1386 1262 quo·

264 1275 339 1340 dam
360 1274 520 1356 μσιμυ-λο
544 1274 594 1351 (as.
617 1275 798 1356 ποικ-ιλο-,
820 1277 1008 1355 ποικίλλω).

245 1385 246 1389 ’
279 1383 285 1400 '
349 1369 645 1436 παι-πάλὲλ-ω
674 1373 694 1436 i.
717 1393 747 1455 q.
769 1372 903 1453 πάλλω,
932 1371 1173 1460 παι-πάλ-η
1196 1374 1218 1439 i.
1242 1395 1272 1457 q.
1295 1371 1382 1460 πάλη

263 1477 337 1536 sunt
358 1469 476 1534 radicis
497 1468 566 1532 παλ
601 1466 718 1555 (σπαρ,
749 1469 783 1536 O.
807 1473 863 1536 Nr.
885 1471 963 1555 389)
996 1471 1088 1554 nujus
1115 1493 1136 1535 σ
1158 1472 1300 1537 servavit
1320 1495 1384 1535 πα-

264 1565 394 1654 σπάλ-νη
412 1569 441 1646 ξ.
458 1565 521 1631 3Β.
551 1566 622 1646 Qua
635 1568 670 1632 in
685 1589 765 1636 vous
781 1594 793 1633 ι
808 1589 850 1634 sn
872 1571 976 1652 sigma
991 1576 1094 1634 ortum
1116 1587 1188 1634 asse
1211 1570 1267 1633 vix
1288 1569 1384 1634 aradi-

264 1665 374 1731 darim.
420 1663 534 1729 Obstat
557 1665 642 1729 enim
665 1685 729 1731 non
751 1667 945 1749 reliquorum
968 1665 1144 1732 similitudo
1166 1673 1306 1748 tantum,
1329 1666 1383 1732 ssd

262 1762 297 1826 id
326 1782 451 1844 quaqua
479 1763 565 1844 quud
593 1764 717 1828 nullum
745 1771 834 1830 extat
857 1790 869 1827 ι
892 1785 953 1829 eu
982 1765 1044 1829 orti
1065 1765 1250 1846 exemplum
1272 1763 1384 1829 fidutia

264 1859 405 1942 dignum.
450 1859 476 1923 ll
498 1861 640 1944 pulveris
669 1861 815 1937 (farinas)
843 1863 975 1928 notione
1002 1862 1057 1944 qui
1085 1861 1159 1926 oriri
1187 1862 1328 1943 potuerit
1348 1881 1384 1926 aa

216 2005 217 2008 ι
263 1977 358 2040 quam
380 1957 537 2040 praebant
558 1955 772 2039 παιπάλιμος
793 1959 970 2024 παιπαλᾶν
993 1961 1098 2024 sluuet
1119 1979 1159 2024 ax
1181 1959 1280 2024 Arist.
1303 1959 1383 2024 Nub.

264 2057 325 2118 260
348 2055 456 2137 λέγειν
479 2052 615 2140 γενήσει
636 2067 809 2139 τρῖμμα,
836 2054 1007 2140 κρόταλον,
1030 2053 1238 2143 παιπάλη.

348 2151 563 2216 παί-παλο
571 2176 604 2230 ς,
635 2151 744 2229 -λόεις
771 2153 933 2236 adjectiva
954 2155 996 2219 ab
1019 2153 1065 2219 ais
1088 2154 1267 2236 dequibus
1292 2153 1381 2218 modo

264 2247 402 2314 diximus
425 2248 556 2313 voaibus
575 2248 783 2333 sejungimus,
807 2251 882 2333 quia
902 2251 980 2333 quid
1001 2249 1181 2333 signifiaent
1202 2271 1269 2316 non
1290 2253 1381 2336 plana

264 2347 375 2412 elucet.
421 2345 467 2411 cl.
491 2345 728 2412 ὁυσπαίπαλον
751 2349 771 2412 i.
792 2368 821 2430 q.
845 2346 1012 2430 δύσβατον
1036 2346 1153 2432 (Hes),
1178 2347 1381 2413 δυσοδοπαί-

263 2445 355 2509 παλα
369 2444 451 2531 λάχη
469 2449 563 2509 θεῶν
578 2445 694 2510 Aesuh.
710 2447 801 2510 Eum.
815 2449 887 2526 387,
903 2445 1111 2524 παιπαλόεις
1126 2442 1232 2529 (ὅρος,
1249 2443 1379 2530 σκοπιή,

265 2539 354 2620 ὁδός,
371 2548 474 2626 νῆσος
485 2539 604 2626 Hom),
621 2543 678 2608 sad
693 2543 956 2620 πολυπαίπαλος
968 2541 1094 2629 αἰθήρ·
1109 2543 1378 2624 πεποικιλμένος.

173 2724 178 2733 ⁸
264 2634 390 2721 ὁμαλός
412 2621 488 2705 Hes.

320 2737 603 2822 .παι·φάσσω
634 2743 683 2802 est
707 2737 825 2802 radicis
849 2759 898 2823 φα
929 2733 1088 2822 (φαίνω),
1120 2735 1178 2802 sed
1203 2756 1270 2801 non
1292 2735 1379 2820 signi·

264 2831 338 2898 fiaat
365 2832 613 2918 παιφάσσουσα
647 2833 690 2916 (Β
710 2838 786 2911 450)
819 2833 905 2916 quud
932 2836 1003 2899 vult
1029 2835 1105 2900 Has.
1128 2835 1233 2898 παντὶ
1266 2857 1379 2920 φαινο-

263 2935 357 3016 μένη,
380 2930 438 2996 sed
460 2931 546 3012 quod
568 2931 679 2996 statuit
693 2931 875 2997 Lobsakius
888 2931 1002 2996 Rham.
1021 2936 1090 3012 105,
1114 2931 1236 2996 uelatus
1257 2929 1377 2996 luminis

263 3035 368 3094 motus
400 3033 432 3092 st
467 3028 723 3093 scintillationes.
775 3031 961 3114 Επαι-φα
989 3027 1237 3094 determinatum
1269 3026 1378 3112 prodiit

263 3148 417 3211 παιφα-κ
442 3122 729 3212 (παι-φα-κ-γ-ω),
753 3125 792 3190 οἰ.
814 3150 972 3209 μαιμα-κ,
1000 3148 1177 3212 ποι-φυ-κ.
1222 3125 1290 3190 Sar.
1311 3124 1378 3188 tta

263 3221 315 3305 qui
344 3221 511 3286 conterunt
543 3223 712 3304 negligunt
742 3222 828 3305 quotl
857 3224 927 3308 ejus
956 3221 1073 3288 radiuis
1100 3221 1190 3287 aliud
1215 3221 1375 3304 vestigium

263 3341 328 3386 non
351 3325 400 3386 est
422 3319 455 3384 in
477 3318 590 3401 lingua
611 3338 737 3402 grauna.

348 3414 608 3498 ποι-πνά-ω,
645 3417 815 3497 anhelare,
853 3423 902 3482 ast
932 3415 1050 3482 raditis
1082 3439 1148 3506 πνυ
1184 3411 1373 3500 (άμ-πνύ-ω,

262 3503 387 3600 πνέω);
416 3512 503 3578 undo
524 3514 620 3580 stiam
643 3511 861 3590 ποι-πνο-ός·
883 3511 1060 3598 θεράπων,
1090 3510 1373 3598 ποι-πνά-προι-σι

265 3611 320 3690 (2)·
347 3610 546 3688 σπουδαίοις
568 3612 644 3678 Hes,

348 3707 597 3794 ποι-φάσσα
630 3715 678 3775 est
709 3709 811 3773 torma
842 3708 1004 3774 intensiva
1031 3705 1149 3772 radiuis
1182 3730 1230 3792 φα
1264 3706 1374 3790 spirare

265 3811 386 3892 (φῦ-σα
410 3803 581 3892 φυ-σά-ω,
612 3825 671 3872 sur.
696 3805 887 3891 γαηηιλα-εο
909 3806 930 3869 i.
953 3823 983 3886 q.
1005 3801 1173 3885 πλεύμων,
1197 3801 1372 3890 γα-γγλι-λι

263 3901 357 3967 ilatus
392 3902 524 3984 ventris)
546 3902 869 3986 uonsoualgutturali
891 3901 1132 3968 determinatas.
1183 3901 1267 3966 Nam
1299 3895 1372 3983 quod

263 3999 365 4066 voluit
405 4000 524 4066 Mistsli
561 3999 627 4064 KZ.
667 4003 716 4082 19,
760 4004 820 4066 120
864 3996 1047 4084 παιφάσσω
1086 3998 1121 4064 id
1162 3997 1248 4081 quud
1290 4002 1371 4083 φῦσα
