<?xml version="1.0" encoding="UTF-8"?>
<!DOCTYPE html PUBLIC "-//W3C//DTD XHTML 1.0 Transitional//EN"
    "http://www.w3.org/TR/xhtml1/DTD/xhtml1-transitional.dtd">
<html xmlns="http://www.w3.org/1999/xhtml" xml:lang="en" lang="en">
 <head>
  <title>
</title>
<meta http-equiv="Content-Type" content="text/html;charset=utf-8" />
  <meta name='ocr-system' content='tesseract 3.04.00' />
  <meta name='ocr-capabilities' content='ocr_page ocr_carea ocr_par ocr_line ocrx_word'/>
</head>
<body>
  <div class='ocr_page' id='page_1' title='image "./studienzurgriec02vanigoog_0210.png"; bbox 0 0 2954 4866; ppageno 0'>
   <div class='ocr_carea' id='block_1_1' title="bbox 256 404 882 476">
    <p class='ocr_par' dir='ltr' id='par_1_1' title="bbox 256 404 882 476">
     <span class='ocr_line' id='line_1_1' title="bbox 256 404 882 476; baseline -0.006 -10"><span class='ocrx_word' id='word_1_1' title='bbox 256 404 318 468; x_wconf 76' lang='lat'><strong>200</strong></span> <span class='ocrx_word' id='word_1_2' title='bbox 752 407 882 476; x_wconf 75' lang='lat' dir='ltr'><strong>Mangold</strong></span> 
     </span>
    </p>
   </div>
   <div class='ocr_carea' id='block_1_2' title="bbox 255 577 1372 1054">
    <p class='ocr_par' dir='ltr' id='par_1_2' title="bbox 255 577 1372 1054">
     <span class='ocr_line' id='line_1_2' title="bbox 340 577 1367 662; baseline -0.002 -16"><span class='ocrx_word' id='word_1_3' title='bbox 340 579 413 646; x_wconf 88' lang='lat' dir='ltr'><strong>Jam</strong></span> <span class='ocrx_word' id='word_1_4' title='bbox 434 578 610 659; x_wconf 87' lang='lat' dir='ltr'><strong>videamus,</strong></span> <span class='ocrx_word' id='word_1_5' title='bbox 634 579 712 662; x_wconf 90' lang='lat' dir='ltr'><strong>quid</strong></span> <span class='ocrx_word' id='word_1_6' title='bbox 727 579 768 646; x_wconf 89' lang='lat' dir='ltr'><strong>do</strong></span> <span class='ocrx_word' id='word_1_7' title='bbox 783 580 876 646; x_wconf 85' lang='lat' dir='ltr'><strong>varia</strong></span> <span class='ocrx_word' id='word_1_8' title='bbox 896 580 1034 648; x_wconf 87' lang='lat' dir='ltr'><strong>lectione</strong></span> <span class='ocrx_word' id='word_1_9' title='bbox 1056 583 1144 646; x_wconf 81' lang='grc'><strong>1681</strong></span> <span class='ocrx_word' id='word_1_10' title='bbox 1172 577 1367 646; x_wconf 89' lang='lat' dir='ltr'><strong>statuendum</strong></span> 
     </span>
     <span class='ocr_line' id='line_1_3' title="bbox 255 673 1368 764; baseline 0 -22"><span class='ocrx_word' id='word_1_11' title='bbox 255 676 306 742; x_wconf 90' lang='lat' dir='ltr'><strong>sit.</strong></span> <span class='ocrx_word' id='word_1_12' title='bbox 338 674 421 763; x_wconf 82' lang='grc' dir='ltr'>σόῃς</span> <span class='ocrx_word' id='word_1_13' title='bbox 436 677 522 760; x_wconf 92' lang='lat' dir='ltr'><strong>quod</strong></span> <span class='ocrx_word' id='word_1_14' title='bbox 536 679 633 762; x_wconf 83' lang='lat' dir='ltr'><strong>vulgo</strong></span> <span class='ocrx_word' id='word_1_15' title='bbox 648 678 765 760; x_wconf 81' lang='lat' dir='ltr'><strong>legitur</strong></span> <span class='ocrx_word' id='word_1_16' title='bbox 788 685 833 746; x_wconf 86' lang='lat' dir='ltr'><strong>tut</strong></span> <span class='ocrx_word' id='word_1_17' title='bbox 849 673 910 764; x_wconf 79' lang='grc' dir='ltr'><strong>σόῃ</strong></span> <span class='ocrx_word' id='word_1_18' title='bbox 936 683 956 741; x_wconf 87' lang='grc' dir='ltr'><strong>Ι</strong></span> <span class='ocrx_word' id='word_1_19' title='bbox 973 681 1047 755; x_wconf 83' lang='grc'><strong>424)</strong></span> <span class='ocrx_word' id='word_1_20' title='bbox 1071 698 1136 744; x_wconf 92' lang='lat' dir='ltr'><strong>non</strong></span> <span class='ocrx_word' id='word_1_21' title='bbox 1158 677 1257 742; x_wconf 83' lang='lat' dir='ltr'><strong>habet</strong></span> <span class='ocrx_word' id='word_1_22' title='bbox 1277 677 1368 744; x_wconf 79' lang='lat' dir='ltr'><strong>offen-</strong></span> 
     </span>
     <span class='ocr_line' id='line_1_4' title="bbox 256 771 1370 859; baseline -0.003 -17"><span class='ocrx_word' id='word_1_23' title='bbox 256 775 397 842; x_wconf 80' lang='lat' dir='ltr'><strong>sionem:</strong></span> <span class='ocrx_word' id='word_1_24' title='bbox 425 775 647 858; x_wconf 73' lang='lat' dir='ltr'><strong>conjunctivus</strong></span> <span class='ocrx_word' id='word_1_25' title='bbox 669 781 718 840; x_wconf 91' lang='lat' dir='ltr'><strong>est</strong></span> <span class='ocrx_word' id='word_1_26' title='bbox 740 775 830 840; x_wconf 88' lang='lat' dir='ltr'><strong>verbi</strong></span> <span class='ocrx_word' id='word_1_27' title='bbox 852 774 1006 859; x_wconf 91' lang='lat' dir='ltr'><strong>simplicis</strong></span> <span class='ocrx_word' id='word_1_28' title='bbox 1028 771 1108 840; x_wconf 87' lang='grc' dir='ltr'><strong>σόω.</strong></span> <span class='ocrx_word' id='word_1_29' title='bbox 1152 774 1219 842; x_wconf 86' lang='lat' dir='ltr'><strong>Sed</strong></span> <span class='ocrx_word' id='word_1_30' title='bbox 1240 773 1370 840; x_wconf 84' lang='lat' dir='ltr'><strong>Aristar-</strong></span> 
     </span>
     <span class='ocr_line' id='line_1_5' title="bbox 255 869 1371 957; baseline 0 -19"><span class='ocrx_word' id='word_1_31' title='bbox 255 872 349 938; x_wconf 89' lang='lat' dir='ltr'><strong>chum</strong></span> <span class='ocrx_word' id='word_1_32' title='bbox 371 872 490 956; x_wconf 81' lang='lat' dir='ltr'>legisse</span> <span class='ocrx_word' id='word_1_33' title='bbox 511 872 646 938; x_wconf 75' lang='lat' dir='ltr'><strong>traditur</strong></span> <span class='ocrx_word' id='word_1_34' title='bbox 669 869 757 957; x_wconf 84' lang='grc' dir='ltr'>σόῳς</span> <span class='ocrx_word' id='word_1_35' title='bbox 780 877 813 937; x_wconf 87' lang='grc' dir='ltr'><strong>ε1</strong></span> <span class='ocrx_word' id='word_1_36' title='bbox 839 878 931 957; x_wconf 67' lang='grc' dir='ltr'><strong><em>σαῷς</em></strong></span> <span class='ocrx_word' id='word_1_37' title='bbox 960 873 1091 956; x_wconf 88' lang='lat' dir='ltr'><strong>(optime</strong></span> <span class='ocrx_word' id='word_1_38' title='bbox 1119 872 1169 937; x_wconf 89' lang='lat' dir='ltr'><strong>his</strong></span> <span class='ocrx_word' id='word_1_39' title='bbox 1191 872 1371 938; x_wconf 69' lang='lat' dir='ltr'><strong>acuentibus</strong></span> 
     </span>
     <span class='ocr_line' id='line_1_6' title="bbox 255 965 1372 1054; baseline -0.004 -18"><span class='ocrx_word' id='word_1_40' title='bbox 255 969 441 1052; x_wconf 79' lang='lat' dir='ltr'><strong>Bekkerus3</strong></span> <span class='ocrx_word' id='word_1_41' title='bbox 478 970 526 1036; x_wconf 89' lang='lat' dir='ltr'><strong>La</strong></span> <span class='ocrx_word' id='word_1_42' title='bbox 554 970 693 1036; x_wconf 89' lang='lat' dir='ltr'><strong>Rochius</strong></span> <span class='ocrx_word' id='word_1_43' title='bbox 722 970 837 1050; x_wconf 86' lang='lat' dir='ltr'><strong>„Hom</strong></span> <span class='ocrx_word' id='word_1_44' title='bbox 860 970 1016 1036; x_wconf 79' lang='lat' dir='ltr'><strong>Textkr.“</strong></span> <span class='ocrx_word' id='word_1_45' title='bbox 1047 973 1108 1036; x_wconf 84' lang='lat'><strong>359</strong></span> <span class='ocrx_word' id='word_1_46' title='bbox 1136 971 1262 1034; x_wconf 86' lang='lat' dir='ltr'><strong>mavult</strong></span> <span class='ocrx_word' id='word_1_47' title='bbox 1290 965 1372 1054; x_wconf 86' lang='grc' dir='ltr'><strong><em>σόῳς</em></strong></span> 
     </span>
    </p>
   </div>
   <div class='ocr_carea' id='block_1_3' title="bbox 254 1063 1375 1347">
    <p class='ocr_par' dir='ltr' id='par_1_3' title="bbox 254 1063 1375 1347">
     <span class='ocr_line' id='line_1_7' title="bbox 256 1063 1375 1152; baseline -0.002 -18"><span class='ocrx_word' id='word_1_48' title='bbox 256 1073 287 1134; x_wconf 92' lang='lat' dir='ltr'><strong>et</strong></span> <span class='ocrx_word' id='word_1_49' title='bbox 310 1065 423 1152; x_wconf 82' lang='grc' dir='ltr'><strong>σάῳς).</strong></span> <span class='ocrx_word' id='word_1_50' title='bbox 453 1073 544 1152; x_wconf 69' lang='lat' dir='ltr'><strong>capg</strong></span> <span class='ocrx_word' id='word_1_51' title='bbox 560 1073 645 1134; x_wconf 91' lang='lat' dir='ltr'><strong>esset</strong></span> <span class='ocrx_word' id='word_1_52' title='bbox 660 1067 819 1151; x_wconf 88' lang='lat' dir='ltr'><strong>conjunct.</strong></span> <span class='ocrx_word' id='word_1_53' title='bbox 844 1063 910 1150; x_wconf 84' lang='lat' dir='ltr'><strong>(vel</strong></span> <span class='ocrx_word' id='word_1_54' title='bbox 926 1064 1041 1150; x_wconf 82' lang='lat' dir='ltr'><strong>optat.)</strong></span> <span class='ocrx_word' id='word_1_55' title='bbox 1056 1067 1145 1132; x_wconf 86' lang='lat' dir='ltr'><strong>verbi</strong></span> <span class='ocrx_word' id='word_1_56' title='bbox 1162 1063 1265 1148; x_wconf 85' lang='grc' dir='ltr'><strong>σαόω,</strong></span> <span class='ocrx_word' id='word_1_57' title='bbox 1288 1066 1375 1149; x_wconf 87' lang='lat' dir='ltr'><strong>cujus</strong></span> 
     </span>
     <span class='ocr_line' id='line_1_8' title="bbox 254 1164 1375 1250; baseline -0.003 -20"><span class='ocrx_word' id='word_1_58' title='bbox 254 1188 305 1230; x_wconf 81' lang='lat' dir='ltr'><strong>-oc</strong></span> <span class='ocrx_word' id='word_1_59' title='bbox 319 1164 461 1230; x_wconf 64' lang='lat' dir='ltr'><strong>accolis</strong></span> <span class='ocrx_word' id='word_1_60' title='bbox 489 1188 510 1228; x_wconf 91' lang='grc' dir='ltr'><em>α</em></span> <span class='ocrx_word' id='word_1_61' title='bbox 538 1164 571 1230; x_wconf 87' lang='lat' dir='ltr'><strong>vi</strong></span> <span class='ocrx_word' id='word_1_62' title='bbox 597 1164 631 1230; x_wconf 91' lang='lat' dir='ltr'><strong>in</strong></span> <span class='ocrx_word' id='word_1_63' title='bbox 660 1189 687 1250; x_wconf 83' lang='grc' dir='ltr'>ῳ</span> <span class='ocrx_word' id='word_1_64' title='bbox 715 1171 838 1230; x_wconf 66' lang='grc'><strong>1111111111.</strong></span> <span class='ocrx_word' id='word_1_65' title='bbox 871 1170 972 1246; x_wconf 87' lang='lat' dir='ltr'><strong>esset,</strong></span> <span class='ocrx_word' id='word_1_66' title='bbox 1008 1171 1044 1228; x_wconf 93' lang='lat' dir='ltr'><strong>ut</strong></span> <span class='ocrx_word' id='word_1_67' title='bbox 1077 1164 1272 1230; x_wconf 83' lang='lat' dir='ltr'><strong>Districhius</strong></span> <span class='ocrx_word' id='word_1_68' title='bbox 1300 1165 1323 1229; x_wconf 95' lang='lat' dir='ltr'><strong>l.</strong></span> <span class='ocrx_word' id='word_1_69' title='bbox 1350 1183 1375 1228; x_wconf 91' lang='lat' dir='ltr'><strong>c.</strong></span> 
     </span>
     <span class='ocr_line' id='line_1_9' title="bbox 256 1255 1069 1347; baseline -0.004 -21"><span class='ocrx_word' id='word_1_70' title='bbox 256 1257 416 1346; x_wconf 79' lang='grc' dir='ltr'><em>ὃράοιμεν</em></span> <span class='ocrx_word' id='word_1_71' title='bbox 438 1262 574 1345; x_wconf 87' lang='lat' dir='ltr'><strong>primum</strong></span> <span class='ocrx_word' id='word_1_72' title='bbox 596 1263 630 1327; x_wconf 87' lang='lat' dir='ltr'><strong>in</strong></span> <span class='ocrx_word' id='word_1_73' title='bbox 653 1255 805 1347; x_wconf 80' lang='grc' dir='ltr'><em>ὁράῳμεν</em></span> <span class='ocrx_word' id='word_1_74' title='bbox 827 1262 946 1328; x_wconf 82' lang='lat' dir='ltr'><strong>abiisse</strong></span> <span class='ocrx_word' id='word_1_75' title='bbox 967 1268 1069 1346; x_wconf 81' lang='lat' dir='ltr'><strong>putat.</strong></span> 
     </span>
    </p>
   </div>
   <div class='ocr_carea' id='block_1_4' title="bbox 218 1356 1476 4069">
    <p class='ocr_par' dir='ltr' id='par_1_4' title="bbox 218 1356 1381 1836">
     <span class='ocr_line' id='line_1_10' title="bbox 341 1356 1379 1445; baseline -0.002 -19"><span class='ocrx_word' id='word_1_76' title='bbox 341 1356 432 1445; x_wconf 84' lang='grc' dir='ltr'><strong><em>σάῳς</em></strong></span> <span class='ocrx_word' id='word_1_77' title='bbox 459 1359 552 1426; x_wconf 89' lang='lat' dir='ltr'><strong>nulla</strong></span> <span class='ocrx_word' id='word_1_78' title='bbox 579 1359 704 1426; x_wconf 87' lang='lat' dir='ltr'><strong>ratione</strong></span> <span class='ocrx_word' id='word_1_79' title='bbox 731 1360 886 1443; x_wconf 87' lang='lat' dir='ltr'><strong>explicari</strong></span> <span class='ocrx_word' id='word_1_80' title='bbox 913 1365 1029 1442; x_wconf 86' lang='lat' dir='ltr'><strong>potest.</strong></span> <span class='ocrx_word' id='word_1_81' title='bbox 1074 1364 1163 1444; x_wconf 77' lang='grc' dir='ltr'><em>σοῴς</em></span> <span class='ocrx_word' id='word_1_82' title='bbox 1184 1358 1306 1424; x_wconf 80' lang='lat' dir='ltr'><strong>referre</strong></span> <span class='ocrx_word' id='word_1_83' title='bbox 1327 1357 1379 1424; x_wconf 88' lang='lat' dir='ltr'><strong>de·</strong></span> 
     </span>
     <span class='ocr_line' id='line_1_11' title="bbox 255 1453 1381 1540; baseline -0.004 -16"><span class='ocrx_word' id='word_1_84' title='bbox 255 1457 367 1524; x_wconf 89' lang='lat' dir='ltr'><strong>bemus</strong></span> <span class='ocrx_word' id='word_1_85' title='bbox 388 1456 432 1524; x_wconf 87' lang='lat' dir='ltr'><strong>ad</strong></span> <span class='ocrx_word' id='word_1_86' title='bbox 455 1453 562 1538; x_wconf 86' lang='grc' dir='ltr'><strong>σοόω,</strong></span> <span class='ocrx_word' id='word_1_87' title='bbox 591 1455 676 1538; x_wconf 89' lang='lat' dir='ltr'><strong>quod</strong></span> <span class='ocrx_word' id='word_1_88' title='bbox 704 1477 768 1522; x_wconf 87' lang='lat' dir='ltr'><strong>non</strong></span> <span class='ocrx_word' id='word_1_89' title='bbox 797 1462 902 1522; x_wconf 67' lang='lat' dir='ltr'><strong>exstem</strong></span> <span class='ocrx_word' id='word_1_90' title='bbox 922 1455 985 1522; x_wconf 80' lang='lat' dir='ltr'><strong>nisi</strong></span> <span class='ocrx_word' id='word_1_91' title='bbox 1006 1455 1093 1539; x_wconf 85' lang='lat' dir='ltr'><strong>apud</strong></span> <span class='ocrx_word' id='word_1_92' title='bbox 1115 1455 1256 1540; x_wconf 86' lang='lat' dir='ltr'><strong>Hesych.</strong></span> <span class='ocrx_word' id='word_1_93' title='bbox 1280 1461 1381 1520; x_wconf 85' lang='grc' dir='ltr'><strong><em>σοοῦ-</em></strong></span> 
     </span>
     <span class='ocr_line' id='line_1_12' title="bbox 256 1551 1381 1641; baseline -0.002 -22"><span class='ocrx_word' id='word_1_94' title='bbox 256 1572 328 1620; x_wconf 82' lang='grc' dir='ltr'><strong><em>ται·</em></strong></span> <span class='ocrx_word' id='word_1_95' title='bbox 352 1551 470 1641; x_wconf 75' lang='grc' dir='ltr'><em>φεύγει</em></span> <span class='ocrx_word' id='word_1_96' title='bbox 484 1553 564 1618; x_wconf 89' lang='lat' dir='ltr'><strong>Lob.</strong></span> <span class='ocrx_word' id='word_1_97' title='bbox 579 1554 692 1619; x_wconf 88' lang='lat' dir='ltr'><strong>Rhem.</strong></span> <span class='ocrx_word' id='word_1_98' title='bbox 713 1559 781 1618; x_wconf 90' lang='grc'><strong>171.</strong></span> <span class='ocrx_word' id='word_1_99' title='bbox 819 1553 907 1638; x_wconf 84' lang='grc' dir='ltr'><strong>σὸῳς</strong></span> <span class='ocrx_word' id='word_1_100' title='bbox 930 1553 1069 1635; x_wconf 86' lang='lat' dir='ltr'><strong>denique</strong></span> <span class='ocrx_word' id='word_1_101' title='bbox 1089 1553 1226 1619; x_wconf 81' lang='lat' dir='ltr'><strong>fortasse</strong></span> <span class='ocrx_word' id='word_1_102' title='bbox 1247 1553 1381 1620; x_wconf 77' lang='lat' dir='ltr'><strong>assimu-</strong></span> 
     </span>
     <span class='ocr_line' id='line_1_13' title="bbox 218 1647 1381 1736; baseline -0.002 -20"><span class='ocrx_word' id='word_1_103' title='bbox 218 1653 224 1685; x_wconf 87' lang='lat'><strong>⁴</strong></span> <span class='ocrx_word' id='word_1_104' title='bbox 256 1652 377 1718; x_wconf 90' lang='lat' dir='ltr'><strong>latione</strong></span> <span class='ocrx_word' id='word_1_105' title='bbox 399 1656 469 1717; x_wconf 89' lang='lat' dir='ltr'><strong>orta</strong></span> <span class='ocrx_word' id='word_1_106' title='bbox 491 1657 540 1716; x_wconf 86' lang='lat' dir='ltr'><strong>est</strong></span> <span class='ocrx_word' id='word_1_107' title='bbox 560 1669 601 1716; x_wconf 83' lang='lat' dir='ltr'><strong>ex</strong></span> <span class='ocrx_word' id='word_1_108' title='bbox 617 1649 710 1736; x_wconf 82' lang='grc' dir='ltr'><strong>σόῃς.</strong></span> <span class='ocrx_word' id='word_1_109' title='bbox 744 1652 858 1733; x_wconf 88' lang='lat' dir='ltr'><strong>Itaque</strong></span> <span class='ocrx_word' id='word_1_110' title='bbox 873 1651 993 1734; x_wconf 91' lang='lat' dir='ltr'><strong>optime</strong></span> <span class='ocrx_word' id='word_1_111' title='bbox 1008 1647 1100 1736; x_wconf 79' lang='grc' dir='ltr'><strong>σόῃς,</strong></span> <span class='ocrx_word' id='word_1_112' title='bbox 1123 1650 1261 1716; x_wconf 86' lang='lat' dir='ltr'><strong>fortasse</strong></span> <span class='ocrx_word' id='word_1_113' title='bbox 1283 1651 1381 1716; x_wconf 84' lang='lat' dir='ltr'><strong>etiam</strong></span> 
     </span>
     <span class='ocr_line' id='line_1_14' title="bbox 258 1742 1307 1836; baseline -0.001 -21"><span class='ocrx_word' id='word_1_114' title='bbox 258 1747 345 1836; x_wconf 81' lang='grc' dir='ltr'><strong>σόῳς</strong></span> <span class='ocrx_word' id='word_1_115' title='bbox 368 1753 412 1826; x_wconf 89' lang='lat' dir='ltr'><strong>(et</strong></span> <span class='ocrx_word' id='word_1_116' title='bbox 435 1747 561 1833; x_wconf 68' lang='grc' dir='ltr'>σαῴςῖ)</span> <span class='ocrx_word' id='word_1_117' title='bbox 586 1748 715 1815; x_wconf 81' lang='lat' dir='ltr'><strong>defendi</strong></span> <span class='ocrx_word' id='word_1_118' title='bbox 737 1757 852 1832; x_wconf 89' lang='lat' dir='ltr'><strong>potest.</strong></span> <span class='ocrx_word' id='word_1_119' title='bbox 1299 1742 1307 1765; x_wconf 80' lang='grc'><strong>“</strong></span> 
     </span>
    </p>

    <p class='ocr_par' dir='ltr' id='par_1_5' title="bbox 342 1843 644 1925">
     <span class='ocr_line' id='line_1_15' title="bbox 342 1843 644 1925; baseline -0.007 0"><span class='ocrx_word' id='word_1_120' title='bbox 342 1852 371 1910; x_wconf 76' lang='grc'><strong>4·</strong></span> <span class='ocrx_word' id='word_1_121' title='bbox 409 1843 528 1925; x_wconf 77' lang='grc' dir='ltr'><strong>ζωός,</strong></span> <span class='ocrx_word' id='word_1_122' title='bbox 558 1844 644 1925; x_wconf 66' lang='lat' dir='ltr'><strong>itis·</strong></span> 
     </span>
    </p>

    <p class='ocr_par' dir='ltr' id='par_1_6' title="bbox 258 1940 1385 2122">
     <span class='ocr_line' id='line_1_16' title="bbox 342 1940 1385 2026; baseline 0.002 -18"><span class='ocrx_word' id='word_1_123' title='bbox 342 1945 461 2008; x_wconf 90' lang='lat' dir='ltr'><strong>Buttm.</strong></span> <span class='ocrx_word' id='word_1_124' title='bbox 483 1943 596 2010; x_wconf 88' lang='lat' dir='ltr'><strong>eodem</strong></span> <span class='ocrx_word' id='word_1_125' title='bbox 618 1945 690 2010; x_wconf 87' lang='lat' dir='ltr'><strong>loco</strong></span> <span class='ocrx_word' id='word_1_126' title='bbox 712 1963 774 2026; x_wconf 92' lang='lat' dir='ltr'><strong>quo</strong></span> <span class='ocrx_word' id='word_1_127' title='bbox 796 1943 837 2009; x_wconf 91' lang='lat' dir='ltr'><strong>de</strong></span> <span class='ocrx_word' id='word_1_128' title='bbox 860 1950 950 2020; x_wconf 79' lang='grc' dir='ltr'><strong><em>σῶος</em></strong></span> <span class='ocrx_word' id='word_1_129' title='bbox 971 1943 1054 2026; x_wconf 81' lang='lat' dir='ltr'><strong>agit,</strong></span> <span class='ocrx_word' id='word_1_130' title='bbox 1088 1943 1185 2010; x_wconf 87' lang='lat' dir='ltr'><strong>etiam</strong></span> <span class='ocrx_word' id='word_1_131' title='bbox 1208 1940 1294 2022; x_wconf 82' lang='grc' dir='ltr'><strong><em>ζωός</em></strong></span> <span class='ocrx_word' id='word_1_132' title='bbox 1320 1943 1385 2010; x_wconf 87' lang='lat' dir='ltr'><strong>dis-</strong></span> 
     </span>
     <span class='ocr_line' id='line_1_17' title="bbox 258 2038 1197 2122; baseline -0.001 -16"><span class='ocrx_word' id='word_1_133' title='bbox 258 2047 391 2107; x_wconf 89' lang='lat' dir='ltr'><strong>tractum</strong></span> <span class='ocrx_word' id='word_1_134' title='bbox 414 2060 486 2108; x_wconf 88' lang='lat' dir='ltr'><strong>esse</strong></span> <span class='ocrx_word' id='word_1_135' title='bbox 506 2042 576 2106; x_wconf 88' lang='lat' dir='ltr'><strong>vult</strong></span> <span class='ocrx_word' id='word_1_136' title='bbox 598 2061 617 2107; x_wconf 91' lang='lat' dir='ltr'><strong>e</strong></span> <span class='ocrx_word' id='word_1_137' title='bbox 640 2038 713 2121; x_wconf 83' lang='grc' dir='ltr'><strong>ζώς.</strong></span> <span class='ocrx_word' id='word_1_138' title='bbox 757 2043 797 2106; x_wconf 86' lang='lat' dir='ltr'><strong>Ei</strong></span> <span class='ocrx_word' id='word_1_139' title='bbox 820 2040 1002 2122; x_wconf 86' lang='lat' dir='ltr'><strong>obloquitur</strong></span> <span class='ocrx_word' id='word_1_140' title='bbox 1023 2041 1102 2106; x_wconf 91' lang='lat' dir='ltr'><strong>Lob.</strong></span> <span class='ocrx_word' id='word_1_141' title='bbox 1124 2041 1146 2105; x_wconf 97' lang='lat' dir='ltr'><strong>l.</strong></span> <span class='ocrx_word' id='word_1_142' title='bbox 1169 2060 1197 2105; x_wconf 89' lang='lat' dir='ltr'><strong>c.</strong></span> 
     </span>
    </p>

    <p class='ocr_par' dir='ltr' id='par_1_7' title="bbox 256 2136 1476 3000">
     <span class='ocr_line' id='line_1_18' title="bbox 341 2136 1475 2222; baseline -0.001 -19"><span class='ocrx_word' id='word_1_143' title='bbox 341 2140 369 2203; x_wconf 84' lang='lat' dir='ltr'><strong>A</strong></span> <span class='ocrx_word' id='word_1_144' title='bbox 400 2138 500 2222; x_wconf 91' lang='lat' dir='ltr'><strong>stirpe</strong></span> <span class='ocrx_word' id='word_1_145' title='bbox 533 2137 608 2217; x_wconf 65' lang='lat' dir='ltr'><strong>Cas·</strong></span> <span class='ocrx_word' id='word_1_146' title='bbox 643 2136 716 2222; x_wconf 92' lang='lat' dir='ltr'><strong>(pro</strong></span> <span class='ocrx_word' id='word_1_147' title='bbox 745 2137 840 2222; x_wconf 66' lang='lat' dir='ltr'><strong>djof-</strong></span> <span class='ocrx_word' id='word_1_148' title='bbox 872 2157 913 2204; x_wconf 87' lang='lat' dir='ltr'><strong>ex</strong></span> <span class='ocrx_word' id='word_1_149' title='bbox 941 2136 997 2221; x_wconf 76' lang='lat' dir='ltr'><strong>qu</strong></span> <span class='ocrx_word' id='word_1_150' title='bbox 1030 2137 1166 2204; x_wconf 85' lang='lat' dir='ltr'><strong>dilatata</strong></span> <span class='ocrx_word' id='word_1_151' title='bbox 1194 2158 1227 2202; x_wconf 88' lang='lat' dir='ltr'><strong>v.</strong></span> <span class='ocrx_word' id='word_1_152' title='bbox 1250 2137 1384 2222; x_wconf 85' lang='lat' dir='ltr'><strong>Brugm.</strong></span> <span class='ocrx_word' id='word_1_153' title='bbox 1474 2177 1475 2186; x_wconf 55' lang='lat'><strong>.</strong></span> 
     </span>
     <span class='ocr_line' id='line_1_19' title="bbox 261 2232 1387 2319; baseline 0.002 -19"><span class='ocrx_word' id='word_1_154' title='bbox 261 2239 317 2300; x_wconf 90' lang='grc'><strong>147</strong></span> <span class='ocrx_word' id='word_1_155' title='bbox 342 2233 425 2319; x_wconf 86' lang='lat' dir='ltr'>sqq.)</span> <span class='ocrx_word' id='word_1_156' title='bbox 455 2234 618 2300; x_wconf 86' lang='lat' dir='ltr'><strong>derivatur</strong></span> <span class='ocrx_word' id='word_1_157' title='bbox 640 2242 672 2301; x_wconf 88' lang='lat' dir='ltr'><strong>ot</strong></span> <span class='ocrx_word' id='word_1_158' title='bbox 695 2232 790 2314; x_wconf 87' lang='grc' dir='ltr'><strong>ζόος,</strong></span> <span class='ocrx_word' id='word_1_159' title='bbox 812 2254 874 2317; x_wconf 93' lang='lat' dir='ltr'><strong>quo</strong></span> <span class='ocrx_word' id='word_1_160' title='bbox 897 2234 1109 2317; x_wconf 81' lang='lat' dir='ltr'><strong>Epicharmus</strong></span> <span class='ocrx_word' id='word_1_161' title='bbox 1130 2255 1206 2301; x_wconf 90' lang='lat' dir='ltr'><strong>usus</strong></span> <span class='ocrx_word' id='word_1_162' title='bbox 1229 2242 1278 2302; x_wconf 91' lang='lat' dir='ltr'><strong>est</strong></span> <span class='ocrx_word' id='word_1_163' title='bbox 1306 2237 1387 2312; x_wconf 80' lang='lat' dir='ltr'><strong>(He</strong></span> 
     </span>
     <span class='ocr_line' id='line_1_20' title="bbox 257 2329 1385 2415; baseline 0.001 -17"><span class='ocrx_word' id='word_1_164' title='bbox 257 2332 325 2400; x_wconf 85' lang='lat' dir='ltr'><strong>rod.</strong></span> <span class='ocrx_word' id='word_1_165' title='bbox 353 2333 385 2413; x_wconf 96' lang='grc' dir='ltr'><strong>Ι,</strong></span> <span class='ocrx_word' id='word_1_166' title='bbox 418 2337 493 2414; x_wconf 92' lang='grc'><strong>111,</strong></span> <span class='ocrx_word' id='word_1_167' title='bbox 523 2332 591 2415; x_wconf 82' lang='grc'><strong>25),</strong></span> <span class='ocrx_word' id='word_1_168' title='bbox 630 2340 662 2398; x_wconf 84' lang='grc' dir='ltr'><strong>ε1</strong></span> <span class='ocrx_word' id='word_1_169' title='bbox 691 2330 791 2414; x_wconf 84' lang='grc' dir='ltr'><strong>ζωός,</strong></span> <span class='ocrx_word' id='word_1_170' title='bbox 828 2331 910 2398; x_wconf 88' lang='lat' dir='ltr'><strong>sicut</strong></span> <span class='ocrx_word' id='word_1_171' title='bbox 937 2355 959 2395; x_wconf 84' lang='lat' dir='ltr'><strong>u</strong></span> <span class='ocrx_word' id='word_1_172' title='bbox 988 2353 1079 2410; x_wconf 52' lang='lat' dir='ltr'><strong>cufi,</strong></span> <span class='ocrx_word' id='word_1_173' title='bbox 1110 2329 1190 2410; x_wconf 82' lang='grc' dir='ltr'><strong><em>σόος</em></strong></span> <span class='ocrx_word' id='word_1_174' title='bbox 1219 2338 1251 2398; x_wconf 86' lang='lat' dir='ltr'><strong>et</strong></span> <span class='ocrx_word' id='word_1_175' title='bbox 1280 2339 1385 2411; x_wconf 81' lang='grc' dir='ltr'><strong>σῶος.</strong></span> 
     </span>
     <span class='ocr_line' id='line_1_21' title="bbox 257 2425 1476 2513; baseline 0.001 -16"><span class='ocrx_word' id='word_1_176' title='bbox 257 2431 417 2497; x_wconf 75' lang='lat' dir='ltr'><strong>docentus</strong></span> <span class='ocrx_word' id='word_1_177' title='bbox 452 2429 592 2496; x_wconf 86' lang='lat' dir='ltr'><strong>varietas</strong></span> <span class='ocrx_word' id='word_1_178' title='bbox 629 2427 716 2509; x_wconf 79' lang='grc' dir='ltr'><strong>(ζὸος</strong></span> <span class='ocrx_word' id='word_1_179' title='bbox 752 2436 785 2497; x_wconf 90' lang='lat' dir='ltr'><strong>et</strong></span> <span class='ocrx_word' id='word_1_180' title='bbox 819 2425 915 2509; x_wconf 80' lang='grc' dir='ltr'>ζωός)</span> <span class='ocrx_word' id='word_1_181' title='bbox 953 2447 1048 2511; x_wconf 75' lang='lat' dir='ltr'><strong>quam</strong></span> <span class='ocrx_word' id='word_1_182' title='bbox 1084 2429 1204 2496; x_wconf 86' lang='lat' dir='ltr'><strong>habeat</strong></span> <span class='ocrx_word' id='word_1_183' title='bbox 1240 2432 1388 2513; x_wconf 83' lang='lat' dir='ltr'><strong>explica·</strong></span> <span class='ocrx_word' id='word_1_184' title='bbox 1475 2427 1476 2470; x_wconf 41' lang='lat' dir='ltr'><strong>i</strong></span> 
     </span>
     <span class='ocr_line' id='line_1_22' title="bbox 256 2525 1389 2612; baseline 0.002 -20"><span class='ocrx_word' id='word_1_185' title='bbox 256 2528 376 2596; x_wconf 85' lang='lat' dir='ltr'><strong>tionem</strong></span> <span class='ocrx_word' id='word_1_186' title='bbox 405 2528 522 2594; x_wconf 87' lang='lat' dir='ltr'><strong>nescio.</strong></span> <span class='ocrx_word' id='word_1_187' title='bbox 566 2527 724 2594; x_wconf 89' lang='lat' dir='ltr'><strong>Homerus</strong></span> <span class='ocrx_word' id='word_1_188' title='bbox 752 2545 878 2610; x_wconf 88' lang='lat' dir='ltr'><strong>semper</strong></span> <span class='ocrx_word' id='word_1_189' title='bbox 904 2525 1039 2592; x_wconf 83' lang='lat' dir='ltr'><strong>formam</strong></span> <span class='ocrx_word' id='word_1_190' title='bbox 1066 2527 1225 2609; x_wconf 84' lang='lat' dir='ltr'><strong>integram</strong></span> <span class='ocrx_word' id='word_1_191' title='bbox 1248 2537 1389 2612; x_wconf 82' lang='lat' dir='ltr'><strong>usurpat</strong></span> 
     </span>
     <span class='ocr_line' id='line_1_23' title="bbox 258 2619 1476 2712; baseline 0.005 -24"><span class='ocrx_word' id='word_1_192' title='bbox 258 2623 357 2704; x_wconf 84' lang='grc' dir='ltr'><strong>ζωός,</strong></span> <span class='ocrx_word' id='word_1_193' title='bbox 389 2625 513 2691; x_wconf 87' lang='lat' dir='ltr'><strong>duobus</strong></span> <span class='ocrx_word' id='word_1_194' title='bbox 540 2626 620 2690; x_wconf 84' lang='lat' dir='ltr'><strong>locis</strong></span> <span class='ocrx_word' id='word_1_195' title='bbox 648 2625 790 2708; x_wconf 85' lang='lat' dir='ltr'><strong>exceptis</strong></span> <span class='ocrx_word' id='word_1_196' title='bbox 816 2627 846 2688; x_wconf 86' lang='lat' dir='ltr'><em>E</em></span> <span class='ocrx_word' id='word_1_197' title='bbox 867 2627 926 2689; x_wconf 79' lang='lat'><strong>887</strong></span> <span class='ocrx_word' id='word_1_198' title='bbox 958 2621 979 2708; x_wconf 79' lang='grc' dir='ltr'><strong><em>ἢ</em></strong></span> <span class='ocrx_word' id='word_1_199' title='bbox 1003 2648 1040 2689; x_wconf 85' lang='grc' dir='ltr'><strong>κε</strong></span> <span class='ocrx_word' id='word_1_200' title='bbox 1064 2621 1128 2703; x_wconf 81' lang='grc' dir='ltr'><strong>ζὼς</strong></span> <span class='ocrx_word' id='word_1_201' title='bbox 1150 2619 1320 2712; x_wconf 78' lang='grc' dir='ltr'><em>ἀμενηνὸς</em></span> <span class='ocrx_word' id='word_1_202' title='bbox 1347 2625 1389 2692; x_wconf 82' lang='grc' dir='ltr'><strong>ἐἀ</strong></span> <span class='ocrx_word' id='word_1_203' title='bbox 1475 2619 1476 2694; x_wconf 67' lang='grc' dir='ltr'>Ῑ</span> 
     </span>
     <span class='ocr_line' id='line_1_24' title="bbox 258 2721 1389 2807; baseline 0 -18"><span class='ocrx_word' id='word_1_204' title='bbox 258 2729 290 2790; x_wconf 91' lang='lat' dir='ltr'><strong>et</strong></span> <span class='ocrx_word' id='word_1_205' title='bbox 311 2727 424 2788; x_wconf 84' lang='grc'><strong>17445</strong></span> <span class='ocrx_word' id='word_1_206' title='bbox 447 2721 485 2786; x_wconf 81' lang='lat' dir='ltr'><strong>c&#39;c&#39;</strong></span> <span class='ocrx_word' id='word_1_207' title='bbox 497 2745 555 2788; x_wconf 80' lang='grc' dir='ltr'><strong>κεν</strong></span> <span class='ocrx_word' id='word_1_208' title='bbox 571 2722 636 2802; x_wconf 80' lang='grc' dir='ltr'><strong>ζὼς</strong></span> <span class='ocrx_word' id='word_1_209' title='bbox 653 2729 806 2807; x_wconf 76' lang='grc' dir='ltr'><strong>πέμψῃς.</strong></span> <span class='ocrx_word' id='word_1_210' title='bbox 843 2721 1055 2803; x_wconf 80' lang='lat' dir='ltr'><strong>Nequaquam</strong></span> <span class='ocrx_word' id='word_1_211' title='bbox 1077 2730 1189 2788; x_wconf 85' lang='lat' dir='ltr'><strong>contra</strong></span> <span class='ocrx_word' id='word_1_212' title='bbox 1202 2725 1389 2789; x_wconf 80' lang='lat' dir='ltr'><strong>Aristarchi</strong></span> 
     </span>
     <span class='ocr_line' id='line_1_25' title="bbox 257 2817 1389 2902; baseline 0.004 -18"><span class='ocrx_word' id='word_1_213' title='bbox 257 2820 480 2886; x_wconf 87' lang='lat' dir='ltr'><strong>auctoritatem</strong></span> <span class='ocrx_word' id='word_1_214' title='bbox 504 2817 588 2899; x_wconf 86' lang='grc' dir='ltr'>ζωός</span> <span class='ocrx_word' id='word_1_215' title='bbox 617 2819 854 2886; x_wconf 78' lang='lat' dir='ltr'><strong>defendendum</strong></span> <span class='ocrx_word' id='word_1_216' title='bbox 877 2817 1078 2902; x_wconf 83' lang='lat' dir='ltr'><strong>synicesique</strong></span> <span class='ocrx_word' id='word_1_217' title='bbox 1107 2821 1389 2902; x_wconf 84' lang='lat' dir='ltr'><strong>pronuntiandum</strong></span> 
     </span>
     <span class='ocr_line' id='line_1_26' title="bbox 258 2918 704 3000; baseline -0.004 -16"><span class='ocrx_word' id='word_1_218' title='bbox 258 2926 316 3000; x_wconf 86' lang='lat' dir='ltr'><strong>cst,</strong></span> <span class='ocrx_word' id='word_1_219' title='bbox 339 2937 369 2982; x_wconf 82' lang='lat' dir='ltr'><strong>v.</strong></span> <span class='ocrx_word' id='word_1_220' title='bbox 392 2918 472 2983; x_wconf 88' lang='lat' dir='ltr'><strong>Lob.</strong></span> <span class='ocrx_word' id='word_1_221' title='bbox 494 2918 545 2983; x_wconf 86' lang='grc' dir='ltr'><strong>ΕΙ.</strong></span> <span class='ocrx_word' id='word_1_222' title='bbox 566 2918 609 2998; x_wconf 88' lang='grc' dir='ltr'><strong>Η,</strong></span> <span class='ocrx_word' id='word_1_223' title='bbox 636 2920 704 2982; x_wconf 85' lang='grc'><strong>126.</strong></span> 
     </span>
    </p>

    <p class='ocr_par' dir='ltr' id='par_1_8' title="bbox 258 3011 1475 4069">
     <span class='ocr_line' id='line_1_27' title="bbox 343 3011 1389 3096; baseline 0.003 -17"><span class='ocrx_word' id='word_1_224' title='bbox 343 3015 547 3081; x_wconf 83' lang='lat' dir='ltr'><strong>Ptolemaeus</strong></span> <span class='ocrx_word' id='word_1_225' title='bbox 568 3013 756 3080; x_wconf 84' lang='lat' dir='ltr'><strong>Ascalonita</strong></span> <span class='ocrx_word' id='word_1_226' title='bbox 777 3032 945 3096; x_wconf 83' lang='lat' dir='ltr'><strong>perperam</strong></span> <span class='ocrx_word' id='word_1_227' title='bbox 968 3012 1095 3096; x_wconf 87' lang='lat' dir='ltr'><strong>scripsit</strong></span> <span class='ocrx_word' id='word_1_228' title='bbox 1118 3011 1191 3092; x_wconf 80' lang='grc' dir='ltr'><strong>ζῶς,</strong></span> <span class='ocrx_word' id='word_1_229' title='bbox 1218 3033 1249 3078; x_wconf 85' lang='lat' dir='ltr'><strong>v.</strong></span> <span class='ocrx_word' id='word_1_230' title='bbox 1272 3013 1389 3082; x_wconf 86' lang='lat' dir='ltr'><strong>Schol.</strong></span> 
     </span>
     <span class='ocr_line' id='line_1_28' title="bbox 258 3110 1389 3198; baseline 0 -20"><span class='ocrx_word' id='word_1_231' title='bbox 258 3115 287 3178; x_wconf 85' lang='lat' dir='ltr'><em>E</em></span> <span class='ocrx_word' id='word_1_232' title='bbox 309 3113 381 3194; x_wconf 84' lang='grc'><strong>887,</strong></span> <span class='ocrx_word' id='word_1_233' title='bbox 404 3111 442 3178; x_wconf 83' lang='lat' dir='ltr'><strong>ci.</strong></span> <span class='ocrx_word' id='word_1_234' title='bbox 462 3110 581 3177; x_wconf 82' lang='lat' dir='ltr'><strong>Herod.</strong></span> <span class='ocrx_word' id='word_1_235' title='bbox 602 3111 628 3193; x_wconf 90' lang='lat'><strong>1,</strong></span> <span class='ocrx_word' id='word_1_236' title='bbox 655 3116 703 3194; x_wconf 90' lang='lat'><strong>10,</strong></span> <span class='ocrx_word' id='word_1_237' title='bbox 729 3114 777 3176; x_wconf 91' lang='grc'><strong>16.</strong></span> <span class='ocrx_word' id='word_1_238' title='bbox 800 3110 843 3192; x_wconf 94' lang='grc' dir='ltr'><strong>ΙΙ,</strong></span> <span class='ocrx_word' id='word_1_239' title='bbox 867 3113 939 3192; x_wconf 83' lang='grc'><strong>329,</strong></span> <span class='ocrx_word' id='word_1_240' title='bbox 966 3113 1013 3176; x_wconf 86' lang='grc'><strong>13.</strong></span> <span class='ocrx_word' id='word_1_241' title='bbox 1037 3113 1109 3192; x_wconf 93' lang='grc'><strong>712,</strong></span> <span class='ocrx_word' id='word_1_242' title='bbox 1136 3113 1183 3175; x_wconf 91' lang='grc'><strong>17.</strong></span> <span class='ocrx_word' id='word_1_243' title='bbox 1220 3112 1271 3177; x_wconf 91' lang='lat' dir='ltr'><strong>De</strong></span> <span class='ocrx_word' id='word_1_244' title='bbox 1293 3110 1389 3198; x_wconf 84' lang='grc' dir='ltr'><strong><em>ζῳός</em></strong></span> 
     </span>
     <span class='ocr_line' id='line_1_29' title="bbox 260 3207 1389 3293; baseline 0.002 -19"><span class='ocrx_word' id='word_1_245' title='bbox 260 3210 346 3276; x_wconf 89' lang='lat' dir='ltr'><strong>male</strong></span> <span class='ocrx_word' id='word_1_246' title='bbox 368 3229 438 3274; x_wconf 90' lang='lat' dir='ltr'><strong>oum</strong></span> <span class='ocrx_word' id='word_1_247' title='bbox 463 3234 474 3273; x_wconf 92' lang='grc' dir='ltr'><strong><em>ι</em></strong></span> <span class='ocrx_word' id='word_1_248' title='bbox 497 3208 614 3293; x_wconf 87' lang='lat' dir='ltr'><strong>scripto</strong></span> <span class='ocrx_word' id='word_1_249' title='bbox 643 3209 733 3282; x_wconf 84' lang='lat' dir='ltr'><strong>(Lob.</strong></span> <span class='ocrx_word' id='word_1_250' title='bbox 756 3209 807 3272; x_wconf 84' lang='grc' dir='ltr'><strong>ΕΙ.</strong></span> <span class='ocrx_word' id='word_1_251' title='bbox 830 3207 863 3289; x_wconf 89' lang='grc' dir='ltr'><strong>Ι,</strong></span> <span class='ocrx_word' id='word_1_252' title='bbox 887 3211 961 3286; x_wconf 91' lang='grc'>444)</span> <span class='ocrx_word' id='word_1_253' title='bbox 992 3228 1023 3272; x_wconf 91' lang='lat' dir='ltr'><strong>v.</strong></span> <span class='ocrx_word' id='word_1_254' title='bbox 1045 3208 1153 3274; x_wconf 68' lang='lat' dir='ltr'><strong>Leuc.</strong></span> <span class='ocrx_word' id='word_1_255' title='bbox 1184 3207 1237 3272; x_wconf 85' lang='lat' dir='ltr'><strong>ad.</strong></span> <span class='ocrx_word' id='word_1_256' title='bbox 1261 3208 1389 3276; x_wconf 88' lang='lat' dir='ltr'><strong>Herod.</strong></span> 
     </span>
     <span class='ocr_line' id='line_1_30' title="bbox 258 3304 1389 3390; baseline 0.002 -20"><span class='ocrx_word' id='word_1_257' title='bbox 258 3305 284 3384; x_wconf 90' lang='grc' dir='ltr'><strong>Ι,</strong></span> <span class='ocrx_word' id='word_1_258' title='bbox 311 3309 379 3388; x_wconf 88' lang='grc'><strong>112,</strong></span> <span class='ocrx_word' id='word_1_259' title='bbox 403 3310 423 3369; x_wconf 94' lang='grc'>4</span> <span class='ocrx_word' id='word_1_260' title='bbox 446 3313 478 3372; x_wconf 92' lang='lat' dir='ltr'><strong>et</strong></span> <span class='ocrx_word' id='word_1_261' title='bbox 499 3306 542 3388; x_wconf 94' lang='grc' dir='ltr'><strong>ΙΙ,</strong></span> <span class='ocrx_word' id='word_1_262' title='bbox 566 3310 637 3384; x_wconf 83' lang='grc'><strong>516,</strong></span> <span class='ocrx_word' id='word_1_263' title='bbox 664 3311 712 3370; x_wconf 92' lang='grc'><strong>14.</strong></span> <span class='ocrx_word' id='word_1_264' title='bbox 751 3304 836 3390; x_wconf 74' lang='grc' dir='ltr'>ζῷον</span> <span class='ocrx_word' id='word_1_265' title='bbox 858 3323 934 3370; x_wconf 86' lang='lat' dir='ltr'><strong>vero</strong></span> <span class='ocrx_word' id='word_1_266' title='bbox 957 3304 1121 3370; x_wconf 83' lang='lat' dir='ltr'><strong>Lobeckio</strong></span> <span class='ocrx_word' id='word_1_267' title='bbox 1142 3304 1244 3370; x_wconf 84' lang='lat' dir='ltr'><strong>invito</strong></span> <span class='ocrx_word' id='word_1_268' title='bbox 1267 3306 1332 3376; x_wconf 76' lang='lat' dir='ltr'><strong>(El.</strong></span> <span class='ocrx_word' id='word_1_269' title='bbox 1360 3309 1389 3389; x_wconf 96' lang='grc' dir='ltr'><strong>Ι,</strong></span> 
     </span>
     <span class='ocr_line' id='line_1_31' title="bbox 261 3395 1390 3486; baseline 0.003 -18"><span class='ocrx_word' id='word_1_270' title='bbox 261 3408 351 3486; x_wconf 82' lang='grc'><strong>441),</strong></span> <span class='ocrx_word' id='word_1_271' title='bbox 375 3424 445 3470; x_wconf 90' lang='lat' dir='ltr'><strong>cum</strong></span> <span class='ocrx_word' id='word_1_272' title='bbox 469 3429 481 3468; x_wconf 86' lang='grc' dir='ltr'>ι</span> <span class='ocrx_word' id='word_1_273' title='bbox 504 3404 706 3470; x_wconf 86' lang='lat' dir='ltr'><strong>scribendum</strong></span> <span class='ocrx_word' id='word_1_274' title='bbox 727 3395 800 3470; x_wconf 62' lang='lat' dir='ltr'><strong>&#39;esse</strong></span> <span class='ocrx_word' id='word_1_275' title='bbox 822 3423 917 3484; x_wconf 86' lang='lat' dir='ltr'><strong>quam</strong></span> <span class='ocrx_word' id='word_1_276' title='bbox 939 3401 1190 3468; x_wconf 88' lang='lat' dir='ltr'><strong>luculentissime</strong></span> <span class='ocrx_word' id='word_1_277' title='bbox 1212 3411 1390 3486; x_wconf 86' lang='lat' dir='ltr'><strong>apparete</strong></span> 
     </span>
     <span class='ocr_line' id='line_1_32' title="bbox 261 3499 1390 3583; baseline 0 -17"><span class='ocrx_word' id='word_1_278' title='bbox 261 3499 435 3568; x_wconf 87' lang='lat' dir='ltr'><strong>Simonidis</strong></span> <span class='ocrx_word' id='word_1_279' title='bbox 458 3501 575 3582; x_wconf 80' lang='grc' dir='ltr'><strong>ζωΐων,</strong></span> <span class='ocrx_word' id='word_1_280' title='bbox 596 3501 714 3568; x_wconf 90' lang='lat' dir='ltr'><strong>Herod.</strong></span> <span class='ocrx_word' id='word_1_281' title='bbox 737 3502 768 3583; x_wconf 93' lang='grc' dir='ltr'><strong>Ι,</strong></span> <span class='ocrx_word' id='word_1_282' title='bbox 799 3503 871 3582; x_wconf 87' lang='grc'><strong>376,</strong></span> <span class='ocrx_word' id='word_1_283' title='bbox 897 3503 946 3565; x_wconf 90' lang='grc'><strong>24.</strong></span> <span class='ocrx_word' id='word_1_284' title='bbox 992 3499 1038 3565; x_wconf 80' lang='lat' dir='ltr'><strong>of.</strong></span> <span class='ocrx_word' id='word_1_285' title='bbox 1062 3501 1158 3568; x_wconf 87' lang='lat' dir='ltr'><strong>etiam</strong></span> <span class='ocrx_word' id='word_1_286' title='bbox 1181 3500 1269 3566; x_wconf 88' lang='lat' dir='ltr'><strong>locos</strong></span> <span class='ocrx_word' id='word_1_287' title='bbox 1290 3520 1310 3565; x_wconf 87' lang='lat' dir='ltr'><strong>a</strong></span> <span class='ocrx_word' id='word_1_288' title='bbox 1334 3502 1390 3566; x_wconf 88' lang='lat' dir='ltr'><strong>La</strong></span> 
     </span>
     <span class='ocr_line' id='line_1_33' title="bbox 261 3597 1388 3680; baseline 0.001 -18"><span class='ocrx_word' id='word_1_289' title='bbox 261 3597 382 3664; x_wconf 89' lang='lat' dir='ltr'><strong>Rochio</strong></span> <span class='ocrx_word' id='word_1_290' title='bbox 404 3599 538 3666; x_wconf 87' lang='lat' dir='ltr'><strong>collatos</strong></span> <span class='ocrx_word' id='word_1_291' title='bbox 567 3600 680 3680; x_wconf 84' lang='lat' dir='ltr'><strong>„Hom</strong></span> <span class='ocrx_word' id='word_1_292' title='bbox 704 3597 854 3666; x_wconf 87' lang='lat' dir='ltr'><strong>Unters.“</strong></span> <span class='ocrx_word' id='word_1_293' title='bbox 890 3619 920 3680; x_wconf 94' lang='lat' dir='ltr'><strong>p.</strong></span> <span class='ocrx_word' id='word_1_294' title='bbox 944 3600 1015 3662; x_wconf 85' lang='grc'><strong>207.</strong></span> <span class='ocrx_word' id='word_1_295' title='bbox 1061 3598 1110 3662; x_wconf 89' lang='lat' dir='ltr'><strong>De</strong></span> <span class='ocrx_word' id='word_1_296' title='bbox 1137 3597 1328 3662; x_wconf 88' lang='lat' dir='ltr'><strong>formatione</strong></span> <span class='ocrx_word' id='word_1_297' title='bbox 1353 3620 1388 3664; x_wconf 82' lang='lat' dir='ltr'><strong>v,</strong></span> 
     </span>
     <span class='ocr_line' id='line_1_34' title="bbox 262 3693 1390 3778; baseline 0.002 -20"><span class='ocrx_word' id='word_1_298' title='bbox 262 3694 359 3760; x_wconf 85' lang='lat' dir='ltr'><strong>Allen</strong></span> <span class='ocrx_word' id='word_1_299' title='bbox 381 3695 517 3776; x_wconf 84' lang='lat' dir='ltr'><strong>,‚Stud.“</strong></span> <span class='ocrx_word' id='word_1_300' title='bbox 538 3698 596 3778; x_wconf 89' lang='lat'>111,</span> <span class='ocrx_word' id='word_1_301' title='bbox 614 3700 684 3762; x_wconf 83' lang='lat'><strong>234.</strong></span> <span class='ocrx_word' id='word_1_302' title='bbox 708 3729 750 3742; x_wconf 81' lang='grc'>-</span> <span class='ocrx_word' id='word_1_303' title='bbox 772 3696 903 3760; x_wconf 84' lang='lat' dir='ltr'><strong>Praeter</strong></span> <span class='ocrx_word' id='word_1_304' title='bbox 925 3695 983 3760; x_wconf 87' lang='lat' dir='ltr'><strong>illa</strong></span> <span class='ocrx_word' id='word_1_305' title='bbox 1004 3693 1167 3776; x_wconf 89' lang='lat' dir='ltr'><strong>adjectiva</strong></span> <span class='ocrx_word' id='word_1_306' title='bbox 1181 3714 1203 3759; x_wconf 89' lang='lat' dir='ltr'><strong>a</strong></span> <span class='ocrx_word' id='word_1_307' title='bbox 1216 3693 1282 3758; x_wconf 88' lang='lat' dir='ltr'><strong>rad.</strong></span> <span class='ocrx_word' id='word_1_308' title='bbox 1300 3693 1390 3772; x_wconf 64' lang='lat' dir='ltr'><strong>das·</strong></span> 
     </span>
     <span class='ocr_line' id='line_1_35' title="bbox 263 3787 1385 3875; baseline 0.004 -21"><span class='ocrx_word' id='word_1_309' title='bbox 263 3789 448 3858; x_wconf 83' lang='lat' dir='ltr'><strong>derivantur</strong></span> <span class='ocrx_word' id='word_1_310' title='bbox 481 3795 581 3860; x_wconf 88' lang='lat' dir='ltr'><strong>verba</strong></span> <span class='ocrx_word' id='word_1_311' title='bbox 602 3791 676 3873; x_wconf 67' lang='grc' dir='ltr'><strong>’ζάω</strong></span> <span class='ocrx_word' id='word_1_312' title='bbox 706 3800 738 3860; x_wconf 85' lang='grc' dir='ltr'><strong>ε1</strong></span> <span class='ocrx_word' id='word_1_313' title='bbox 767 3789 831 3872; x_wconf 83' lang='grc' dir='ltr'><strong>ζόω</strong></span> <span class='ocrx_word' id='word_1_314' title='bbox 861 3798 893 3858; x_wconf 93' lang='lat' dir='ltr'><strong>et</strong></span> <span class='ocrx_word' id='word_1_315' title='bbox 923 3788 995 3870; x_wconf 82' lang='grc' dir='ltr'><strong>ζώω</strong></span> <span class='ocrx_word' id='word_1_316' title='bbox 1034 3791 1087 3872; x_wconf 82' lang='lat' dir='ltr'><strong>(cf.</strong></span> <span class='ocrx_word' id='word_1_317' title='bbox 1118 3787 1186 3856; x_wconf 84' lang='grc' dir='ltr'><strong>σόω</strong></span> <span class='ocrx_word' id='word_1_318' title='bbox 1216 3799 1247 3857; x_wconf 91' lang='lat' dir='ltr'><strong>et</strong></span> <span class='ocrx_word' id='word_1_319' title='bbox 1274 3788 1385 3875; x_wconf 86' lang='grc' dir='ltr'><strong>σώω).</strong></span> 
     </span>
     <span class='ocr_line' id='line_1_36' title="bbox 261 3885 1475 3974; baseline 0.007 -24"><span class='ocrx_word' id='word_1_320' title='bbox 261 3885 417 3955; x_wconf 85' lang='lat' dir='ltr'><strong>Homerus</strong></span> <span class='ocrx_word' id='word_1_321' title='bbox 445 3909 571 3974; x_wconf 89' lang='lat' dir='ltr'><strong>semper</strong></span> <span class='ocrx_word' id='word_1_322' title='bbox 598 3897 730 3974; x_wconf 85' lang='lat' dir='ltr'><strong>usurpat</strong></span> <span class='ocrx_word' id='word_1_323' title='bbox 758 3890 889 3956; x_wconf 87' lang='lat' dir='ltr'><strong>verbum</strong></span> <span class='ocrx_word' id='word_1_324' title='bbox 911 3889 1101 3974; x_wconf 86' lang='lat' dir='ltr'><strong>barytonnm</strong></span> <span class='ocrx_word' id='word_1_325' title='bbox 1125 3885 1208 3970; x_wconf 85' lang='grc' dir='ltr'><strong>ζώω,</strong></span> <span class='ocrx_word' id='word_1_326' title='bbox 1235 3908 1297 3953; x_wconf 92' lang='lat' dir='ltr'><strong>uno</strong></span> <span class='ocrx_word' id='word_1_327' title='bbox 1326 3907 1387 3953; x_wconf 84' lang='lat' dir='ltr'><strong>ex·</strong></span> <span class='ocrx_word' id='word_1_328' title='bbox 1474 3895 1475 3958; x_wconf 62' lang='grc' dir='ltr'>ζ</span> 
     </span>
     <span class='ocr_line' id='line_1_37' title="bbox 262 3984 1475 4069; baseline 0.002 -17"><span class='ocrx_word' id='word_1_329' title='bbox 262 3991 354 4069; x_wconf 81' lang='lat' dir='ltr'><strong>cepio</strong></span> <span class='ocrx_word' id='word_1_330' title='bbox 378 3984 501 4066; x_wconf 77' lang='grc' dir='ltr'><strong><em>ζῶντος</em></strong></span> <span class='ocrx_word' id='word_1_331' title='bbox 523 3991 562 4052; x_wconf 88' lang='lat' dir='ltr'><em>A</em></span> <span class='ocrx_word' id='word_1_332' title='bbox 585 3991 634 4054; x_wconf 82' lang='lat'><strong>88·</strong></span> <span class='ocrx_word' id='word_1_333' title='bbox 1474 4007 1475 4014; x_wconf 75' lang='grc'>’</span> 
     </span>
    </p>
   </div>
   <div class='ocr_carea' id='block_1_5' title="bbox 0 0 1488 4866">
    <p class='ocr_par' dir='ltr' id='par_1_9' title="bbox 0 0 1488 4866">
     <span class='ocr_line' id='line_1_38' title="bbox 0 0 1488 4866; baseline 0 0"><span class='ocrx_word' id='word_1_334' title='bbox 0 0 1488 4866; x_wconf 95' lang='lat' dir='ltr'><strong> </strong></span> 
     </span>
    </p>
   </div>
  </div>
 </body>
</html>
