2954 4866
455 450 497 505 De
515 451 628 508 11551551
644 451 789 506 homerica.
1121 447 1180 511 201

157 626 183 686 5.
219 621 392 688 Nomina
414 623 579 705 propria
600 623 639 687 in
661 619 801 704 -κόων,
823 619 986 688 -κάωσα,

155 725 256 800 Auo,
278 723 401 806 Δημο-,
424 723 516 806 Δηϊ-,
536 714 730 799 Ἱπποκόων,
754 727 861 796 Λᾱο-,
887 715 1126 786 ‘ram-aeona.

154 817 239 883 Haeo
266 838 331 882 non
359 836 430 881 oum
453 817 610 884 Ahrensio
634 816 663 881 1.
688 816 718 882 d.
744 821 783 883 86
806 813 923 882 5158
955 823 986 884 et
1008 818 1184 886 Dietriolrio

80 913 221 978 15435
243 934 314 980 oum
336 914 505 998 partieipia
526 915 663 990 -κοάων,
693 913 859 980 -κοάοοσα
881 915 1057 1000 composita
1079 916 1186 982 existi-

79 1010 186 1078 manda
207 1018 289 1093 5551,
313 1010 463 1078 aeduum
489 1011 602 1078 libello
625 1011 665 1076 K.
681 1011 715 1076 Z.
739 1013 792 1091 IV,
813 1015 881 1094 158,
905 1011 1014 1078 Onrtio
1037 1015 1087 1080 El.
1110 1015 1184 1080 Et³

81 1112 141 1188 145,
164 1108 343 1192 Bragmano
370 1113 428 1200 154
451 1129 471 1174 5
491 1109 559 1174 rad.
578 1107 653 1172 51555
670 1139 710 1160 -
726 1110 909 1190 ,,5515555“
931 1108 1117 1192 derivanda,
1140 1110 1186 1176 ita

77 1212 105 1270 ut
135 1205 233 1272 torma
268 1205 454 1290 principalis
489 1205 582 1272 fuerit
617 1229 748 1284 nasoon,
785 1207 954 1291 aarorrju.
1005 1207 1032 1272 Ε
1062 1231 1184 1272 narona

77 1302 415 1378 1551515551κονοντ,
442 1326 549 1366 κοωντ
578 1301 720 1386 (Brugm.
748 1303 821 1387 170)
855 1311 926 1385 aut,
960 1305 1045 1388 quod
1073 1306 1185 1390 proba·

77 1399 162 1466 bilius
190 1410 254 1483 551,
280 1400 411 1478 'nuova
448 1423 571 1484 κοωντ;
607 1399 794 1468 femininum
821 1425 933 1468 κοωσα
963 1403 1047 1468 enim
1075 1410 1185 1468 natum

76 1504 181 1564 estex
213 1499 379 1576 anforsio,
401 1519 574 1578 -aoaovoo,
610 1521 746 1576 καοοσα,
781 1521 894 1564 κοωοα
929 1496 1185 1583 (assimulatione

75 1595 235 1678 reciproca,
259 1603 294 1660 51
316 1591 442 1679 ὃράωσι
466 1590 688 1680 5515155551,
712 1616 816 1680 neque
838 1617 909 1662 oum
925 1597 1107 1679 Bragmano
1126 1601 1185 1660 154

74 1691 145 1758 1555
177 1693 276 1760 series
310 1692 477 1776 aosovaja,
515 1716 672 1773 κοντονσα,
710 1717 852 1774 κιοονοα,
891 1717 1033 1774 κοωνσα,
1071 1716 1185 1760 κοωσα

74 1791 237 1857 statuenda
258 1796 315 1872 551,
340 1791 414 1874 quia
430 1812 513 1855 ονσα
528 1792 628 1856 multo
651 1792 738 1876 priua
751 1791 875 1859 (155555
896 1793 1007 1876 lingua
1028 1792 1061 1856 in
1084 1815 1186 1858 ·ovon

73 1888 198 1954 mutavit
221 1907 316 1970 qnam
339 1908 474 1970 usquam
497 1887 776 1972 transpositionem
798 1889 984 1972 quantitatis
1009 1909 1106 1973 passa
1128 1895 1185 1958 est

72 1983 227 2050 Immerito
256 1992 361 2052 autem
385 1985 418 2050 L.
442 1985 589 2069 Meyerus
615 1986 655 2052 Κ.
679 1987 713 2052 Ζ.
736 1987 783 2069 X,
809 1991 847 2054 53
877 1983 1097 2073 Δημοκάοντα
1125 1993 1184 2054 551.

72 2083 158 2146 555111
176 2081 287 2165 jubet:
325 2083 482 2166 posterius
505 2107 531 2146 ω
555 2101 595 2148 ex
618 2107 658 2147 so
682 2091 845 2168 palaest,
869 2091 904 2149 51
926 2103 1032 2167 saepe,
1055 2084 1184 2167 Brugm.

73 2183 125 2244 170
146 2199 216 2262 sqq.

149 2281 176 2342 6.
217 2275 347 2367 φάος,
373 2273 631 2362 φαάντατος,
656 2275 844 2366 φαάνθη,
870 2276 1010 2365 -φόων,

146 2375 197 2440 De
214 2371 309 2460 φόως
328 2374 396 2457 jam
413 2374 531 2442 dietum
555 2381 603 2441 551
624 2396 655 2458 p.
675 2379 751 2459 1703
775 2376 886 2442 suffixo
909 2400 965 2454 -ος
987 2376 1090 2441 arad.
1114 2398 1186 2462 pos

71 2467 228 2538 derivatur
261 2470 358 2544 (Ourt.
382 2471 431 2536 El.
455 2473 530 2538 Et³
552 2475 636 2544 278).
686 2473 722 2537 L.
752 2473 873 2558 Meyeri
896 2475 946 2553 (K.
970 2474 1004 2538 Z.
1027 2473 1086 2553 IX,
1111 2476 1184 2552 389)

69 2569 228 2636 scribendi
256 2569 337 2634 ratio
369 2565 478 2654 (φάος)
514 2569 668 2634 551515155
696 2570 746 2635 115
774 2571 852 2638 louis
880 2575 918 2635 Π
939 2574 995 2634 741
1023 2567 1117 2656 φόως
1146 2567 1184 2635 οὐ

69 2671 96 2729 51
116 2691 133 2738 τ
156 2671 197 2732 64
223 2662 318 2751 φίας
343 2665 430 2748 ἐ’μεν.
1210 2663 1214 2678 ⁴

147 2761 292 2850 φώωςὸε
316 2764 401 2846 quod
423 2783 488 2830 non
510 2769 596 2830 55515
617 2768 655 2828 Π
674 2767 731 2830 188
754 2763 986 2846 Aristophanes
1002 2771 1034 2830 51
1048 2765 1184 2831 Aristar-

67 2859 139 2926 5155
153 2860 350 2944 seripserunt
370 2881 427 2945 pro
445 2860 601 2926 Zenodoti
616 2859 684 2944 πρὸ
701 2852 834 2948 φόωςδε
856 2859 905 2938 (51.
917 2859 1036 2944 Spitzn.
1050 2861 1093 2926 ad
1109 2863 1185 2937 11.)

66 2958 310 3040 explicationem
333 2959 533 3041 nonhabet,
556 2956 900 3046 515115515*φώος15
923 2958 1034 3023 mavis.

147 3052 342 3143 φαάντατος
365 3080 381 3119 ν
405 3059 444 3122 93
475 3054 679 3143 (φαάντερος
701 3077 766 3122 uon
789 3062 837 3122 est
860 3077 912 3140 ap.
935 3053 1043 3139 Hom.)
1074 3074 1185 3121 seeun-

68 3149 137 3216 dum
154 3152 274 3218 Buttm.
297 3155 383 3234 565,
406 3152 481 3217 515.
505 3157 522 3216 7
547 3153 732 3220 distractum
756 3161 804 3220 551
826 3173 865 3220 ax
888 3138 1057 3240 φάντατος
1080 3173 1187 3238 super-

66 3246 162 3316 lativo
193 3249 323 3332 positivi
357 3247 464 3335 φᾶνός
493 3271 549 3334 pro
579 3248 729 3335 φαεινάς.
780 3253 878 3318 Reate
907 3251 991 3335 quod
1019 3250 1062 3316 51
1091 3251 1185 3334 posit.

66 3344 205 3430 φαεινάς
244 3347 381 3426 rettulit3
419 3346 475 3414 sed
505 3355 614 3412 natum
647 3355 695 3416 est
724 3346 915 3433 φαάντατος
944 3349 1186 3416 assimulatione

65 3461 101 3508 ex
145 3463 380 3531 φα-εν-τατος.
446 3443 567 3512 Eadem
611 3447 808 3512 assimulatio
851 3455 927 3518 1555
970 3448 1185 3529 pleonasmus,

65 3539 364 3624 nouellaret
402 3542 608 3624 agnoscenda
645 3551 693 3610 551
721 3545 755 3608 15
787 3541 927 3629 φαάνθη
957 3547 987 3607 Ρ
1006 3547 1076 3608 650.
1115 3542 1153 3624 ἐξ
1171 3579 1187 3592 -

66 3634 206 3724 φαάνθη
230 3642 262 3702 Δ
284 3642 356 3704 468.
386 3643 422 3702 Ν
440 3643 511 3706 278.
546 3644 663 3720 5441.
698 3637 854 3727 φάανθεν
876 3647 915 3706 A
938 3644 1009 3706 200.
1039 3639 1185 3727 ἐξεφάον

65 3739 126 3800 θεν
153 3742 185 3800 Τ
209 3740 256 3800 17.
301 3735 398 3802 Verbi
421 3736 550 3821 qoaajoo
574 3741 727 3822 (φαείνω)
749 3738 885 3806 55515155
906 3737 1034 3820 fingitur
1049 3743 1184 3825 φαάνθη

65 3837 94 3896 51
123 3833 366 3900 assimulatione
398 3830 538 3920 φαάνθη
581 3834 692 3913 (Dietr.
721 3835 741 3900 1.
768 3854 793 3900 5.
825 3840 909 3913 441).
963 3833 1085 3902 Arad.
1116 3858 1187 3921 pos

66 3929 160 3996 etiarn
176 3927 371 4016 Δημοφόων
386 3930 417 3995 1.
434 3929 504 3996 Oer.
521 3934 582 3996 234
605 3928 832 4018 (Δημοφάντων
855 3933 1008 4000 Ρ1155155.
1026 3933 1050 4014 l,
1070 3936 1106 3997 17
1123 3932 1186 4010 Η.),

65 4025 187 4096 515515
210 4051 275 4093 aas
296 4026 394 4107 κάων,
418 4026 588 4094 derivatur.
