3020 4866
275 449 313 512 10
753 451 919 508 Forssmaun

275 627 455 711 significare
476 628 659 712 perfectam,
683 645 701 692 e
723 645 788 708 qua
801 635 911 693 manet
925 625 1070 692 eondieio
1084 627 1195 709 aliqua
1213 624 1395 692 etiamnunc

273 726 458 794 eontinuata
480 722 829 811 oroeandemque
851 725 979 791 constiti
999 724 1136 808 ideoque
1157 729 1223 802 sto,
1246 725 1392 806 τέθνηκε

273 831 406 891 mortem
439 824 533 906 obiit,
562 843 649 890 nune
680 829 823 888 mortuus
851 830 913 903 est,
948 817 1026 887 oddo
1054 822 1121 887 vidi
1151 829 1184 888 et
1210 821 1296 886 novi.
1340 819 1394 886 Sio

274 922 501 1004 Buttmannus,
532 922 702 1002 Matthiae,
725 922 868 1002 Rostius,
892 919 1033 1002 Curtius,
1057 919 1254 1002 Madvigius,
1283 937 1394 984 omues

248 1093 250 1098 ,
272 1039 348 1088 rere
375 1021 589 1104 grammatici,
613 1020 666 1103 qui
688 1037 763 1085 vero
785 1019 908 1102 speruit
929 1019 1013 1084 hano
1035 1017 1269 1097 definitionem,
1292 1016 1394 1081 Krue·

271 1137 375 1201 geras,
398 1118 505 1184 aoristi
529 1125 561 1184 et
582 1117 714 1201 perieoti
737 1137 829 1182 usum
851 1116 1017 1182 oouiundit
1032 1114 1085 1201 (oi.
1103 1116 1229 1182 Grieoh.
1246 1114 1392 1198 Spraohl.

273 1217 292 1295 ᾖ
316 1219 366 1296 56,
393 1213 458 1300 10).·
499 1215 538 1280 Ιιι
566 1215 698 1299 perfecti
724 1215 859 1280 formam
882 1221 914 1280 et
934 1221 1059 1295 notam,
1088 1233 1183 1296 quam
1205 1209 1393 1277 ἄναδιπλα-

274 1311 417 1396 σιασμὸν
446 1313 644 1396 grammatioi
672 1313 780 1396 graeei
802 1305 927 1392 vooant,
951 1313 1123 1395 diligenter
1143 1311 1305 1394 inquirere
1327 1329 1393 1376 nou

275 1419 325 1480 est
351 1411 447 1494 hujus
470 1411 710 1495 disputationis:
739 1431 815 1476 nam
843 1430 914 1476 oum
936 1409 997 1475 hoe
1018 1409 1218 1496 potissimum
1240 1415 1393 1494 speotem,

273 1515 308 1574 ut
330 1529 421 1575 usum
443 1507 590 1574 infinitivi
613 1509 788 1592 explicem,
811 1507 889 1574 satis
911 1507 1015 1572 habeo
1037 1527 1301 1584 commemorare,
1325 1527 1394 1591 per-

271 1606 346 1672 feeti
372 1605 563 1672 infinitivum
585 1627 650 1670 nou
672 1606 815 1671 iudieare
836 1624 903 1670 rem
925 1611 1002 1670 aute
1022 1604 1154 1687 saetam,
1187 1605 1245 1671 sed
1274 1611 1393 1671 statum

271 1704 411 1786 aliquem
439 1723 477 1770 eo
504 1711 648 1788 tempore
677 1703 717 1768 de
740 1723 801 1785 quo
824 1703 929 1785 agitur
950 1701 1141 1785 perfeetum,
1170 1703 1216 1768 ita
1237 1707 1272 1767 ut
1293 1721 1395 1785 prope

272 1801 407 1867 aooedat
433 1802 476 1866 ad
507 1801 699 1866 infinitivum
727 1801 921 1884 praesentis:
957 1800 996 1865 ei.
1025 1796 1157 1880 ἀξιοῦσι
1185 1804 1394 1887 γεγενῆσθαι

274 1895 408 1982 detonet
431 1899 546 1983 (Thuo.
570 1899 625 1979 IV,
649 1901 700 1979 90,
725 1896 759 1982 2)
782 1904 814 1962 et
836 1890 1029 1979 ἀξιοίμενοι
1051 1896 1282 1979 μαχιμώτατοι
1305 1893 1393 1963 εἶναι

274 1997 631 2077 (11,181,3(13.)ιιιιθ
623 2017 656 2061 ιιι
671 1996 828 2078 exemplis
843 1995 1034 2077 oolligendis
1049 2003 1193 2079 tempora
1208 1997 1395 2080 praesentia
1499 2065 1500 2074 ,

272 2103 303 2162 et
325 2003 466 2180 perf'eota
494 2095 672 2178 promisoue
705 2093 888 2158 enumeravi
911 2099 943 2159 et
964 2093 1067 2159 forma
1088 2095 1160 2160 sola
1181 2095 1324 2175 distinxi,
1346 2096 1394 2161 ita
1499 2161 1500 2164 ,

271 2201 305 2260 ut
293 2193 448 2259 (εἰδέναι
465 2191 517 2277 (V,
542 2195 592 2274 21,
610 2195 640 2266 2)
656 2191 778 2275 perfect
779 2213 832 2255 um
848 2209 918 2257 esse
932 2197 1115 2257 statuerem.

356 2291 509 2356 Futurum
542 2311 560 2356 e
582 2290 813 2373 compositione
840 2288 984 2352 radioum
1012 2289 1172 2374 estesse)
1203 2295 1235 2356 et
1255 2290 1297 2374 jo
1320 2289 1393 2375 (ire)

273 2396 375 2456 ortum
405 2407 475 2454 esse
501 2387 768 2454 verisimillimum
791 2393 840 2453 est
863 2384 916 2470 (ei.
941 2385 1135 2470 Sehleieher,
1161 2388 1392 2472 Oompendium

272 2488 444 2554 ed.tertiae
459 2487 559 2565 §ree
577 2485 711 2568 Curtius,
727 2487 984 2566 Erranterungen
1001 2483 1051 2550 ed.
1068 2485 1227 2553 secundae
1238 2507 1313 2570 pag.
1321 2490 1391 2572 99)3

270 2587 409 2651 maxime
423 2591 530 2650 autem
546 2584 735 2664 cavendum,
758 2603 800 2648 ne
815 2583 875 2647 hoo
890 2589 1016 2666 tempus
1032 2603 1049 2648 e
1064 2583 1267 2665 eonjnnotivo
1282 2585 1393 2650 aoristi

270 2702 419 2750 manasse
434 2688 592 2766 putemus.
622 2683 703 2747 Sunt
719 2683 804 2747 enim
819 2687 1017 2763 argumenta,
1033 2699 1116 2763 quae
1130 2701 1189 2747 uos
1204 2683 1391 2766 impediunt,

273 2783 441 2864 quominus
455 2782 538 2844 hano
553 2779 729 2844 Hermauui
745 2777 800 2844 ἒτυ
802 2778 972 2861 μολογίαν,
989 2799 1084 2860 quam
1100 2779 1244 2846 Pinhlius
1261 2780 1295 2864 (ᾖ
1311 2785 1339 2846 6.
1356 2783 1390 2868 5)

275 2878 355 2944 tueri
378 2899 458 2944 cona
460 2883 526 2958 tur,
556 2877 743 2960 probemus:
780 2877 916 2960 primum
946 2875 1075 2941 dorioae
1096 2877 1192 2941 futuri
1214 2878 1365 2947 formae
1356 2903 1391 2946 ιιι

290 2981 352 3042 rutro
312 2976 587 3055 [desinentem
624 2981 659 3039 ut
694 2975 845 3056 neugma
880 2977 1114 3066 βραθησίω(
1103 2976 1153 3052 (ef
1188 2976 1315 3044 Ahrens
1350 2978 1390 3044 de

270 3013 348 3139 dial.
380 3073 488 3139 dorioa
515 3093 590 3156 pag.
613 3077 741 3153 210),t
743 3092 795 3138 um
817 3091 893 3137 usus
914 3070 1020 3135 futuri
1063 3073 1195 3138 Nam'
1170 3093 1197 3139 sr
1219 3093 1238 3139 e
1259 3076 1391 3159 conjun-

268 3174 352 3238 otivo
368 3173 466 3237 aorist
467 3172 477 3234 i
493 3171 647 3253 originem
664 3170 806 3235 duxisset
804 3216 815 3247 -,
793 3175 979 3252 ttsequere
981 3190 1025 3250 ur,
1041 3175 1076 3234 ut
1092 3190 1218 3256 semper
1232 3173 1389 3240 actionem

268 3276 525 3336 momentaneam
563 3268 736 3351 indioaret3
775 3273 809 3332 at
841 3267 882 3333 de
914 3272 1047 3350 utroque
1079 3261 1240 3334 potionum
1271 3291 1390 3354 genere

269 3369 448 3452 promiscue
476 3372 655 3449 usurpatur.
707 3363 827 3443 Quodsi
856 3364 1001 3430 Piuhlius
1034 3383 1052 3431 e
1080 3365 1251 3432 Sorborum
1279 3370 1390 3453 lingua

270 3465 488 3531 demonstrare
521 3463 638 3545 studet,
673 3481 691 3528 e
722 3469 956 3545 momentaneo,
989 3469 1023 3527 ut
1055 3463 1101 3527 ita
1130 3463 1250 3547 diuam,
1285 3467 1388 3533 futuro
1498 3529 1499 3532 ,

269 3561 408 3627 evadere
436 3562 575 3626 futurum
603 3560 738 3627 aetionis
760 3560 920 3643 durantis,
954 3561 1043 3626 inani
1064 3561 1164 3625 utitur
1185 3572 1388 3648 argumeut03
1498 3589 1499 3594 ¹

270 3679 345 3724 nam
374 3679 439 3723 non
468 3677 509 3724 ex
537 3660 637 3742 ipsius
665 3658 795 3741 linguae
817 3665 931 3724 natura
953 3665 985 3724 et
1006 3657 1117 3723 indole
1139 3663 1226 3724 ortus
1248 3667 1298 3726 est
1320 3682 1389 3746 per-

269 3776 380 3822 versus
402 3756 453 3820 hio
475 3775 568 3837 usus,
604 3755 661 3822 sed
684 3775 724 3820 ex
746 3756 925 3822 imitatione
945 3756 1076 3838 linguae
1099 3755 1325 3840 Germauieae,
1356 3759 1388 3824 in

181 3877 186 3885 ¹
270 3874 334 3938 qua
374 3852 512 3918 futurum
550 3855 730 3938 promiseue
765 3874 823 3937 pro
860 3860 992 3935 utroque
1028 3851 1164 3918 aetionis
1200 3872 1319 3936 genere
1355 3857 1387 3922 in

268 3971 328 4018 usu
350 3955 407 4016 est.

354 4047 507 4112 Futurum
539 4049 624 4115 inter
655 4067 766 4114 omnes
799 4053 924 4113 oonstat
955 4047 1099 4116 indicare
1129 4069 1196 4117 rem
1228 4057 1387 4132 quaeest
