2972 4868
268 444 331 508 322
758 447 898 504 lisitzsche

267 620 481 690 testimonium
510 619 766 703 antiquissimum
795 622 903 688 exstat
935 621 969 686 in
998 623 1161 714 Euripidis
1188 622 1292 706 Iphig.
1315 623 1394 686 Aul.

268 739 299 784 v.
327 721 422 800 1608,
455 716 578 784 nullum
607 719 789 802 exemplum
819 724 908 784 extat
935 737 1097 788 consonae
1123 719 1157 785 in
1185 719 1278 785 initio
1300 720 1396 785 vocis

269 815 453 900 duplicatae
482 814 634 895 omissae,
671 835 731 882 neo
759 816 908 900 probavit
934 817 1088 901 Benlejus
1115 816 1201 900 quod
1228 816 1396 900 pollicitus

269 922 317 980 est
339 913 405 978 KZ.
430 915 459 994 8,
482 915 518 993 2,
548 907 675 978 ὀκέλλω
697 910 862 998 ὀδύρομαι
885 911 991 995 ὀμίχω
1015 909 1159 1001 ὀτρηρός
1179 914 1353 980 verborum
1377 936 1396 978 o

269 1009 496 1096 duplicationis
518 1029 590 1076 esso
609 1010 775 1094 reliquum.
805 1012 873 1078 Nec
895 1013 1029 1078 multum
1052 1011 1297 1096 nobis-prodest
1317 1031 1395 1077 con·

268 1111 381 1176 tulisse
402 1107 487 1191 quod
506 1107 665 1190 μονμοῠοε
685 1107 805 1176 Persae
827 1118 944 1176 vocant
965 1109 1083 1176 umeris
1105 1129 1204 1176 onera
1225 1115 1396 1193 portantes

268 1206 442 1274 secundum
465 1204 607 1270 Curtium
630 1205 746 1270 Rufum
769 1210 804 1287 3,
837 1210 891 1288 13,
915 1211 932 1269 7
965 1214 997 1273 et
1025 1203 1182 1291 ἅμοβος
1205 1213 1253 1274 est
1272 1229 1396 1273 σκευο-

269 1303 387 1392 φόρος,
416 1300 586 1390 φορτηγός
608 1303 695 1381 Ηθε.,
717 1323 777 1370 nec
799 1302 946 1388 κάκαρον
971 1302 1015 1388 (p.
1038 1303 1115 1386 321)
1138 1305 1394 1388 comparaverim

268 1423 339 1469 cum
376 1397 534 1485 ἆκαρός
572 1398 745 1486 (σημαίνει
780 1399 839 1466 τὸν
872 1399 1059 1487 ἐγκέφαλον
1092 1396 1114 1488 ἢ
1146 1401 1206 1486 τὴν
1240 1401 1395 1488 κεφαλήν

268 1501 305 1567 Ε.
322 1497 390 1582 Μ),
412 1519 473 1564 noc
494 1495 578 1562 τάτα
600 1493 693 1576 ὄντα,
715 1496 845 1563 πάππα
867 1495 977 1565 ἄποτα.
1000 1533 1042 1544 -
1064 1499 1151 1578 Quas
1166 1498 1395 1566 similitudines

267 1599 334 1664 fere
356 1595 481 1666 alienas
503 1595 531 1661 si
545 1595 659 1662 missas
680 1594 823 1678 iacimus,
846 1597 1049 1681 conjecturae
1064 1597 1252 1664 illiusbaud
1266 1617 1394 1663 summa

267 1701 368 1762 restat
389 1693 513 1777 species
534 1693 612 1758 veri.
657 1694 740 1758 Nam
763 1695 909 1776 quamvis
931 1695 964 1758 in
986 1694 1097 1777 lingua
1120 1695 1276 1760 sanserita
1297 1695 1392 1760 radix

267 1815 328 1877 por
355 1813 421 1857 uon
449 1796 535 1856 extet
569 1789 631 1855 nisi
659 1791 839 1876 duplicata:
873 1787 1051 1877 pd-por-mi
1083 1791 1197 1874 vigilo,
1232 1789 1395 1876 poi-porti

267 1888 446 1974 vigilantia,
469 1885 612 1970 (id-proi
633 1889 780 1972 vigilans,
803 1909 907 1972 neque
921 1890 955 1954 in
978 1889 1089 1971 lingua
1109 1907 1227 1971 graeca
1241 1890 1314 1956 sine
1333 1882 1414 1956 illo'

268 2013 301 2056 e:
339 1985 468 2070 ἒγείρω,
498 1981 630 2068 ’ἐνρ-ενο
659 1994 773 2065 (οιτο,
805 1993 889 2065 -col,
918 1985 1078 2072 ἕνερ-οις,
1107 1984 1245 2069 &pec-ui,
1281 1994 1390 2052 tamen

266 2087 379 2170 lingua
406 2082 540 2150 zendioa
567 2081 743 2167 simplicem
772 2083 915 2150 formam⁴
930 2084 1078 2168 praebet:
1104 2083 1316 2166 fro-phrd-ta
1337 2105 1391 2152 ex-

267 2183 479 2269 pergefactus.
529 2179 636 2258 Quare
678 2200 869 2263 quamquam
907 2181 1050 2264 exceptis
1085 2181 1222 2247 fortasse
1265 2177 1390 2266 ἀγαυός

268 2282 335 2370 (0.4
359 2277 434 2363 172)
467 2285 499 2344 ot
526 2273 650 2361 ἀγείρω
688 2277 737 2360 (0.
766 2279 861 2344 Verb.
883 2280 915 2360 I,
943 2277 1020 2362 307)
1053 2279 1238 2364 exemplum
1271 2279 1390 2344 vocalis

266 2377 464 2464 protheticae
497 2381 575 2440 ante
607 2399 626 2458 γ
659 2393 832 2442 consonam
860 2397 926 2442 non
954 2383 1075 2457 exstat,
1111 2381 1221 2442 tamen
1254 2378 1387 2460 primam

265 2480 393 2546 illorum
422 2473 650 2538 vocabulorum
679 2473 823 2539 vocalem
846 2473 1057 2558 prothetioam
1085 2473 1192 2556 potius
1213 2473 1387 2540 habuerim.

352 2571 591 2655 λε-λεπρίς·
616 2567 716 2650 ἰχθὺς
738 2569 849 2649 ποιός,
873 2567 894 2658 ἦ
918 2572 1104 2656 καλουμένη
1130 2575 1232 2655 φυκίς
1255 2571 1329 2638 Hes.

351 2675 399 2752 μέ
407 2687 578 2751 -μν-ων·
602 2663 620 2732 ὁ
644 2663 722 2744 ὄνος
743 2667 820 2732 Has.
845 2675 892 2734 ost
913 2667 1031 2734 radicis
1052 2692 1124 2750 μεν,
1152 2668 1245 2750 cujus
1266 2673 1384 2750 μίμνω,

265 2790 408 2850 mon-eo,
446 2787 510 2850 qua
538 2765 657 2830 animal
685 2765 853 2847 plagarum
882 2765 1009 2849 patiens
1046 2765 1096 2837 (cl.
1122 2772 1161 2828 A
1191 2769 1265 2844 588)
1302 2764 1383 2832 haud

265 2870 374 2952 inepto
405 2863 622 2948 significatur.¹
653 2862 804 2927 Fortasse
832 2865 983 2944 Μέμνων
1020 2883 1145 2945 quoque
1179 2863 1218 2927 N.
1252 2884 1298 2946 pr.
1326 2863 1383 2926 huc

264 2965 370 3050 potius
395 2961 478 3028 redit
499 2982 594 3044 quam
616 2960 659 3026 ad
681 2958 716 3024 id
738 2957 823 3041 quod
844 2961 995 3043 sequitur.

350 3065 561 3148 pue-ptv-tou
596 3061 888 3140 (θραου-μέμνων)
924 3058 960 3122 R.
996 3081 1058 3138 μεν
1081 3059 1243 3138 (μέμονα).
1294 3055 1382 3122 Unde

254 3157 505 3243 Ἀγο-μέμνωνς
538 3155 592 3238 qui
620 3151 704 3238 ἄγαν
725 3159 868 3236 μέμονε,
905 3174 970 3219 non
998 3154 1084 3236 „der
1111 3152 1380 3236 Hoohgesinnte“,

265 3266 299 3322 ut
321 3257 390 3321 vult
410 3255 533 3321 Preller
555 3253 655 3336 Mytl.
677 3253 720 3332 Il,
744 3255 815 3324 427.

350 3353 557 3428 πέ-πλ-ος
585 3350 629 3416 ad
657 3348 798 3414 radicem
826 3349 890 3414 πελ
915 3347 1061 3427 (πάλ-ος)
1091 3349 1252 3432 portinere
1278 3347 1378 3414 Souna

265 3451 331 3517 KZ.
353 3457 400 3531 10,
418 3454 478 3514 407
501 3448 632 3512 minime
647 3446 723 3511 mihi
747 3445 928 3530 persuadet.
958 3447 995 3511 R.
1012 3447 1098 3512 σπελ
1113 3479 1154 3498 =
1171 3446 1249 3512 oret
1270 3443 1376 3510 vestire

264 3549 411 3632 sejuncta
432 3567 453 3611 a
476 3544 625 3611 ottilo?
649 3543 687 3610 ct.
711 3545 804 3610 aeol.
818 3539 928 3608 οπόλα
951 3545 971 3608 i.
995 3564 1025 3626 q.
1048 3539 1161 3628 στολή,
1185 3549 1218 3608 et
1240 3539 1374 3608 οπάδιον

266 3644 406 3710 στάδιον
425 3653 468 3708 ον
491 3663 510 3709 e
533 3665 581 3708 οπ
602 3643 760 3728 (spatium)
782 3648 862 3723 orto,
885 3647 918 3707 et
934 3637 1102 3724 σπάργ-ω,
1126 3637 1313 3725 accep-oco
1331 3635 1374 3698 in·

263 3740 447 3808 cunabula?

350 3833 611 3924 Πε-φρη-δώ
641 3836 747 3903 Graes
768 3856 799 3900 v.
821 3831 1033 3921 πεμφρηδών
1055 3855 1086 3918 p.
1111 3838 1184 3900 316.

351 3935 519 4000 ‹re-cetu
534 3933 586 4010 (1),
612 3933 725 4016 planta
739 3932 908 4016 quaedam,
930 3951 1013 4014 quiae
1033 3931 1130 4000 etiam
1153 3931 1220 3996 σίλι
1243 3929 1364 3994 voulut.

350 4041 598 4116 οε-οερῖνος
620 4029 669 4110 (i),
692 4031 799 4114 piscis.
