<?xml version="1.0" encoding="UTF-8"?>
<!DOCTYPE html PUBLIC "-//W3C//DTD XHTML 1.0 Transitional//EN"
    "http://www.w3.org/TR/xhtml1/DTD/xhtml1-transitional.dtd">
<html xmlns="http://www.w3.org/1999/xhtml" xml:lang="en" lang="en">
 <head>
  <title>
</title>
<meta http-equiv="Content-Type" content="text/html;charset=utf-8" />
  <meta name='ocr-system' content='tesseract 3.04.00' />
  <meta name='ocr-capabilities' content='ocr_page ocr_carea ocr_par ocr_line ocrx_word'/>
</head>
<body>
  <div class='ocr_page' id='page_1' title='image "./studienzurgriec02vanigoog_0097.png"; bbox 0 0 2958 4868; ppageno 0'>
   <div class='ocr_carea' id='block_1_1' title="bbox 430 1305 887 1389">
    <p class='ocr_par' dir='ltr' id='par_1_1' title="bbox 430 1305 887 1389">
     <span class='ocr_line' id='line_1_1' title="bbox 430 1305 887 1389; baseline 0.007 -16"><span class='ocrx_word' id='word_1_1' title='bbox 430 1309 449 1389; x_wconf 78' lang='lat'>§</span> <span class='ocrx_word' id='word_1_2' title='bbox 475 1313 502 1374; x_wconf 93' lang='lat'><strong>1.</strong></span> <span class='ocrx_word' id='word_1_3' title='bbox 546 1305 887 1376; x_wconf 82' lang='lat' dir='ltr'><strong>PRAEMONENDA.</strong></span> 
     </span>
    </p>
   </div>
   <div class='ocr_carea' id='block_1_2' title="bbox 72 1460 1225 4084">
    <p class='ocr_par' dir='ltr' id='par_1_2' title="bbox 72 1460 1224 2818">
     <span class='ocr_line' id='line_1_2' title="bbox 178 1460 1223 1547; baseline 0.002 -17"><span class='ocrx_word' id='word_1_4' title='bbox 178 1463 370 1547; x_wconf 90' lang='lat' dir='ltr'><strong>„Vocalium</strong></span> <span class='ocrx_word' id='word_1_5' title='bbox 393 1482 581 1528; x_wconf 89' lang='lat' dir='ltr'><strong>concursus:</strong></span> <span class='ocrx_word' id='word_1_6' title='bbox 615 1460 832 1544; x_wconf 80' lang='lat' dir='ltr'><strong>eumoccidit,</strong></span> <span class='ocrx_word' id='word_1_7' title='bbox 856 1461 924 1526; x_wconf 90' lang='lat' dir='ltr'><strong>hiat</strong></span> <span class='ocrx_word' id='word_1_8' title='bbox 947 1467 979 1527; x_wconf 90' lang='lat' dir='ltr'><strong>et</strong></span> <span class='ocrx_word' id='word_1_9' title='bbox 1000 1462 1169 1530; x_wconf 79' lang='lat' dir='ltr'><strong>intersistit</strong></span> <span class='ocrx_word' id='word_1_10' title='bbox 1190 1473 1223 1532; x_wconf 87' lang='lat' dir='ltr'><strong>et</strong></span> 
     </span>
     <span class='ocr_line' id='line_1_3' title="bbox 100 1558 1221 1645; baseline 0 -17"><span class='ocrx_word' id='word_1_11' title='bbox 100 1563 185 1644; x_wconf 87' lang='lat' dir='ltr'><strong>quasi</strong></span> <span class='ocrx_word' id='word_1_12' title='bbox 206 1561 336 1627; x_wconf 89' lang='lat' dir='ltr'><strong>laborat</strong></span> <span class='ocrx_word' id='word_1_13' title='bbox 351 1559 490 1644; x_wconf 84' lang='lat' dir='ltr'><strong>oratio;“</strong></span> <span class='ocrx_word' id='word_1_14' title='bbox 505 1559 555 1625; x_wconf 82' lang='lat' dir='ltr'><strong>luis</strong></span> <span class='ocrx_word' id='word_1_15' title='bbox 571 1560 683 1644; x_wconf 87' lang='lat' dir='ltr'><strong>paucis</strong></span> <span class='ocrx_word' id='word_1_16' title='bbox 697 1559 804 1625; x_wconf 90' lang='lat' dir='ltr'><strong>verbis</strong></span> <span class='ocrx_word' id='word_1_17' title='bbox 820 1558 1035 1638; x_wconf 75' lang='lat' dir='ltr'><strong>Quintilianus</strong></span> <span class='ocrx_word' id='word_1_18' title='bbox 1052 1560 1111 1630; x_wconf 84' lang='lat' dir='ltr'>th</span> <span class='ocrx_word' id='word_1_19' title='bbox 1125 1565 1155 1645; x_wconf 82' lang='lat'><strong>4,</strong></span> <span class='ocrx_word' id='word_1_20' title='bbox 1169 1567 1221 1639; x_wconf 78' lang='grc'><strong>33)</strong></span> 
     </span>
     <span class='ocr_line' id='line_1_4' title="bbox 100 1655 1223 1742; baseline 0.002 -16"><span class='ocrx_word' id='word_1_21' title='bbox 100 1660 279 1727; x_wconf 90' lang='lat' dir='ltr'><strong>acutissime</strong></span> <span class='ocrx_word' id='word_1_22' title='bbox 307 1658 413 1725; x_wconf 85' lang='lat' dir='ltr'><strong>hiatus</strong></span> <span class='ocrx_word' id='word_1_23' title='bbox 441 1664 588 1724; x_wconf 86' lang='lat' dir='ltr'><strong>naturam</strong></span> <span class='ocrx_word' id='word_1_24' title='bbox 625 1658 757 1741; x_wconf 81' lang='lat' dir='ltr'><strong>exponit</strong></span> <span class='ocrx_word' id='word_1_25' title='bbox 786 1663 817 1724; x_wconf 91' lang='lat' dir='ltr'><strong>et</strong></span> <span class='ocrx_word' id='word_1_26' title='bbox 842 1655 938 1722; x_wconf 90' lang='lat' dir='ltr'><strong>docet</strong></span> <span class='ocrx_word' id='word_1_27' title='bbox 967 1678 1041 1741; x_wconf 91' lang='lat' dir='ltr'><strong>nos,</strong></span> <span class='ocrx_word' id='word_1_28' title='bbox 1079 1660 1156 1742; x_wconf 89' lang='lat' dir='ltr'><strong>quid</strong></span> <span class='ocrx_word' id='word_1_29' title='bbox 1190 1668 1223 1728; x_wconf 91' lang='lat' dir='ltr'><strong>et</strong></span> 
     </span>
     <span class='ocr_line' id='line_1_5' title="bbox 99 1754 1224 1837; baseline 0.004 -15"><span class='ocrx_word' id='word_1_30' title='bbox 99 1757 227 1824; x_wconf 85' lang='lat' dir='ltr'><strong>Latinos</strong></span> <span class='ocrx_word' id='word_1_31' title='bbox 258 1763 291 1823; x_wconf 91' lang='lat' dir='ltr'><strong>et</strong></span> <span class='ocrx_word' id='word_1_32' title='bbox 312 1755 451 1822; x_wconf 79' lang='lat' dir='ltr'><strong>Graecos</strong></span> <span class='ocrx_word' id='word_1_33' title='bbox 481 1757 688 1822; x_wconf 88' lang='lat' dir='ltr'><strong>commoverit</strong></span> <span class='ocrx_word' id='word_1_34' title='bbox 715 1763 750 1820; x_wconf 94' lang='lat' dir='ltr'><strong>ut</strong></span> <span class='ocrx_word' id='word_1_35' title='bbox 778 1773 851 1820; x_wconf 89' lang='lat' dir='ltr'><strong>eum</strong></span> <span class='ocrx_word' id='word_1_36' title='bbox 878 1754 1028 1821; x_wconf 81' lang='lat' dir='ltr'><strong>vitarent.</strong></span> <span class='ocrx_word' id='word_1_37' title='bbox 1072 1757 1166 1837; x_wconf 81' lang='lat' dir='ltr'><strong>Quod</strong></span> <span class='ocrx_word' id='word_1_38' title='bbox 1188 1767 1224 1826; x_wconf 91' lang='lat' dir='ltr'><strong>ut</strong></span> 
     </span>
     <span class='ocr_line' id='line_1_6' title="bbox 100 1853 1223 1935; baseline 0.004 -15"><span class='ocrx_word' id='word_1_39' title='bbox 100 1853 258 1922; x_wconf 79' lang='lat' dir='ltr'><strong>efficerent</strong></span> <span class='ocrx_word' id='word_1_40' title='bbox 286 1854 384 1920; x_wconf 86' lang='lat' dir='ltr'><strong>variis</strong></span> <span class='ocrx_word' id='word_1_41' title='bbox 411 1854 563 1920; x_wconf 85' lang='lat' dir='ltr'><strong>remediis</strong></span> <span class='ocrx_word' id='word_1_42' title='bbox 590 1854 640 1920; x_wconf 91' lang='lat' dir='ltr'><strong>nsi</strong></span> <span class='ocrx_word' id='word_1_43' title='bbox 669 1860 758 1934; x_wconf 90' lang='lat' dir='ltr'><strong>sunt,</strong></span> <span class='ocrx_word' id='word_1_44' title='bbox 793 1871 876 1934; x_wconf 86' lang='lat' dir='ltr'><strong>quae</strong></span> <span class='ocrx_word' id='word_1_45' title='bbox 912 1853 1112 1935; x_wconf 90' lang='lat' dir='ltr'><strong>potissimum</strong></span> <span class='ocrx_word' id='word_1_46' title='bbox 1141 1856 1223 1924; x_wconf 86' lang='lat' dir='ltr'><strong>haee</strong></span> 
     </span>
     <span class='ocr_line' id='line_1_7' title="bbox 99 1949 1222 2037; baseline 0.004 -20"><span class='ocrx_word' id='word_1_47' title='bbox 99 1958 181 2018; x_wconf 92' lang='lat' dir='ltr'><strong>sunt:</strong></span> <span class='ocrx_word' id='word_1_48' title='bbox 204 1952 316 2031; x_wconf 85' lang='lat' dir='ltr'><strong>erasis,</strong></span> <span class='ocrx_word' id='word_1_49' title='bbox 340 1951 506 2034; x_wconf 85' lang='lat' dir='ltr'><strong>synizesis,</strong></span> <span class='ocrx_word' id='word_1_50' title='bbox 529 1952 629 2018; x_wconf 90' lang='lat' dir='ltr'><strong>elisio.</strong></span> <span class='ocrx_word' id='word_1_51' title='bbox 668 1951 785 2018; x_wconf 86' lang='lat' dir='ltr'><strong>Verum</strong></span> <span class='ocrx_word' id='word_1_52' title='bbox 801 1950 898 2016; x_wconf 88' lang='lat' dir='ltr'><strong>ctiam</strong></span> <span class='ocrx_word' id='word_1_53' title='bbox 913 1949 1083 2017; x_wconf 90' lang='lat' dir='ltr'><strong>mediisin</strong></span> <span class='ocrx_word' id='word_1_54' title='bbox 1105 1956 1222 2037; x_wconf 88' lang='lat' dir='ltr'><strong>verbis,</strong></span> 
     </span>
     <span class='ocr_line' id='line_1_8' title="bbox 72 2048 1223 2150; baseline 0.003 -34"><span class='ocrx_word' id='word_1_55' title='bbox 72 2049 87 2150; x_wconf 48' lang='lat'><strong>&#39;·</strong></span> <span class='ocrx_word' id='word_1_56' title='bbox 100 2049 124 2116; x_wconf 90' lang='lat' dir='ltr'><strong>si</strong></span> <span class='ocrx_word' id='word_1_57' title='bbox 144 2056 199 2116; x_wconf 91' lang='lat' dir='ltr'><strong>aut</strong></span> <span class='ocrx_word' id='word_1_58' title='bbox 222 2048 375 2116; x_wconf 88' lang='lat' dir='ltr'><strong>consonis</strong></span> <span class='ocrx_word' id='word_1_59' title='bbox 398 2048 486 2114; x_wconf 92' lang='lat' dir='ltr'><strong>elisis</strong></span> <span class='ocrx_word' id='word_1_60' title='bbox 508 2055 564 2114; x_wconf 88' lang='lat' dir='ltr'><strong>aut</strong></span> <span class='ocrx_word' id='word_1_61' title='bbox 585 2048 863 2114; x_wconf 82' lang='lat' dir='ltr'><strong>terminationibus</strong></span> <span class='ocrx_word' id='word_1_62' title='bbox 883 2049 1023 2114; x_wconf 90' lang='lat' dir='ltr'><strong>avoeali</strong></span> <span class='ocrx_word' id='word_1_63' title='bbox 1044 2050 1223 2135; x_wconf 88' lang='lat' dir='ltr'><strong>incipienti-</strong></span> 
     </span>
     <span class='ocr_line' id='line_1_9' title="bbox 99 2145 1222 2230; baseline 0.002 -17"><span class='ocrx_word' id='word_1_64' title='bbox 99 2147 154 2214; x_wconf 88' lang='lat' dir='ltr'><strong>bus</strong></span> <span class='ocrx_word' id='word_1_65' title='bbox 175 2167 249 2214; x_wconf 90' lang='lat' dir='ltr'><strong>cum</strong></span> <span class='ocrx_word' id='word_1_66' title='bbox 278 2145 430 2229; x_wconf 88' lang='lat' dir='ltr'><strong>stirpibus</strong></span> <span class='ocrx_word' id='word_1_67' title='bbox 452 2165 535 2229; x_wconf 86' lang='lat' dir='ltr'><strong>quae</strong></span> <span class='ocrx_word' id='word_1_68' title='bbox 562 2147 596 2212; x_wconf 93' lang='lat' dir='ltr'><strong>in</strong></span> <span class='ocrx_word' id='word_1_69' title='bbox 624 2147 769 2212; x_wconf 88' lang='lat' dir='ltr'><strong>vocalem</strong></span> <span class='ocrx_word' id='word_1_70' title='bbox 793 2145 917 2212; x_wconf 85' lang='lat' dir='ltr'><strong>exirent</strong></span> <span class='ocrx_word' id='word_1_71' title='bbox 939 2147 1117 2230; x_wconf 88' lang='lat' dir='ltr'><strong>conjunctis</strong></span> <span class='ocrx_word' id='word_1_72' title='bbox 1140 2169 1222 2214; x_wconf 89' lang='lat' dir='ltr'><strong>com-</strong></span> 
     </span>
     <span class='ocr_line' id='line_1_10' title="bbox 99 2243 1224 2329; baseline 0.003 -19"><span class='ocrx_word' id='word_1_73' title='bbox 99 2246 202 2329; x_wconf 91' lang='lat' dir='ltr'><strong>plures</strong></span> <span class='ocrx_word' id='word_1_74' title='bbox 225 2244 356 2310; x_wconf 89' lang='lat' dir='ltr'><strong>vocales</strong></span> <span class='ocrx_word' id='word_1_75' title='bbox 385 2244 632 2326; x_wconf 80' lang='lat' dir='ltr'><strong>concurrebant,</strong></span> <span class='ocrx_word' id='word_1_76' title='bbox 665 2243 726 2308; x_wconf 92' lang='lat' dir='ltr'><strong>hoe</strong></span> <span class='ocrx_word' id='word_1_77' title='bbox 755 2243 943 2327; x_wconf 87' lang='lat' dir='ltr'><strong>plerumque</strong></span> <span class='ocrx_word' id='word_1_78' title='bbox 970 2245 1037 2311; x_wconf 90' lang='lat' dir='ltr'><strong>illis</strong></span> <span class='ocrx_word' id='word_1_79' title='bbox 1060 2244 1224 2329; x_wconf 80' lang='lat' dir='ltr'><strong>displicuit</strong></span> 
     </span>
     <span class='ocr_line' id='line_1_11' title="bbox 100 2339 1223 2428; baseline 0.002 -19"><span class='ocrx_word' id='word_1_80' title='bbox 100 2362 199 2425; x_wconf 89' lang='lat' dir='ltr'><strong>neque</strong></span> <span class='ocrx_word' id='word_1_81' title='bbox 221 2341 287 2428; x_wconf 91' lang='lat' dir='ltr'><strong>alio</strong></span> <span class='ocrx_word' id='word_1_82' title='bbox 316 2341 411 2406; x_wconf 91' lang='lat' dir='ltr'><strong>modo</strong></span> <span class='ocrx_word' id='word_1_83' title='bbox 434 2361 530 2423; x_wconf 89' lang='lat' dir='ltr'><strong>quam</strong></span> <span class='ocrx_word' id='word_1_84' title='bbox 552 2341 585 2406; x_wconf 93' lang='lat' dir='ltr'><strong>in</strong></span> <span class='ocrx_word' id='word_1_85' title='bbox 611 2339 747 2406; x_wconf 88' lang='lat' dir='ltr'><strong>confinio</strong></span> <span class='ocrx_word' id='word_1_86' title='bbox 769 2339 938 2406; x_wconf 89' lang='lat' dir='ltr'><strong>verborum</strong></span> <span class='ocrx_word' id='word_1_87' title='bbox 968 2343 1127 2408; x_wconf 88' lang='lat' dir='ltr'><strong>vocalium</strong></span> <span class='ocrx_word' id='word_1_88' title='bbox 1150 2365 1223 2411; x_wconf 90' lang='lat' dir='ltr'><strong>con-</strong></span> 
     </span>
     <span class='ocr_line' id='line_1_12' title="bbox 100 2437 1224 2523; baseline 0.004 -18"><span class='ocrx_word' id='word_1_89' title='bbox 100 2459 222 2506; x_wconf 89' lang='lat' dir='ltr'><strong>cursum</strong></span> <span class='ocrx_word' id='word_1_90' title='bbox 246 2439 349 2506; x_wconf 90' lang='lat' dir='ltr'><strong>vitare</strong></span> <span class='ocrx_word' id='word_1_91' title='bbox 370 2437 574 2523; x_wconf 78' lang='lat' dir='ltr'><strong>studuerunt3</strong></span> <span class='ocrx_word' id='word_1_92' title='bbox 605 2445 637 2504; x_wconf 93' lang='lat' dir='ltr'><strong>et</strong></span> <span class='ocrx_word' id='word_1_93' title='bbox 664 2437 746 2506; x_wconf 89' lang='lat' dir='ltr'><strong>crasi</strong></span> <span class='ocrx_word' id='word_1_94' title='bbox 769 2437 897 2520; x_wconf 90' lang='lat' dir='ltr'><strong>quidem</strong></span> <span class='ocrx_word' id='word_1_95' title='bbox 926 2441 1100 2523; x_wconf 89' lang='lat' dir='ltr'><strong>respondet</strong></span> <span class='ocrx_word' id='word_1_96' title='bbox 1123 2465 1224 2508; x_wconf 83' lang='grc' dir='ltr'><strong><em>συνα-</em></strong></span> 
     </span>
     <span class='ocr_line' id='line_1_13' title="bbox 100 2533 1223 2625; baseline 0.005 -25"><span class='ocrx_word' id='word_1_97' title='bbox 100 2535 210 2625; x_wconf 82' lang='grc' dir='ltr'>λοιφή,</span> <span class='ocrx_word' id='word_1_98' title='bbox 236 2536 391 2622; x_wconf 85' lang='lat' dir='ltr'><strong>syniuesis</strong></span> <span class='ocrx_word' id='word_1_99' title='bbox 414 2536 476 2602; x_wconf 92' lang='lat' dir='ltr'><strong>et</strong></span> <span class='ocrx_word' id='word_1_100' title='bbox 468 2557 502 2600; x_wconf 90' lang='lat' dir='ltr'><strong>m</strong></span> <span class='ocrx_word' id='word_1_101' title='bbox 516 2533 580 2601; x_wconf 87' lang='lat' dir='ltr'><strong>fine</strong></span> <span class='ocrx_word' id='word_1_102' title='bbox 596 2535 773 2602; x_wconf 90' lang='lat' dir='ltr'><strong>verborum</strong></span> <span class='ocrx_word' id='word_1_103' title='bbox 782 2543 813 2602; x_wconf 92' lang='lat' dir='ltr'><strong>et</strong></span> <span class='ocrx_word' id='word_1_104' title='bbox 828 2533 973 2600; x_wconf 89' lang='lat' dir='ltr'><strong>mediis</strong></span> <span class='ocrx_word' id='word_1_105' title='bbox 964 2558 998 2600; x_wconf 91' lang='lat' dir='ltr'><strong>m</strong></span> <span class='ocrx_word' id='word_1_106' title='bbox 1020 2540 1129 2604; x_wconf 92' lang='lat' dir='ltr'><strong>verbis</strong></span> <span class='ocrx_word' id='word_1_107' title='bbox 1151 2542 1223 2606; x_wconf 91' lang='lat' dir='ltr'><strong>usui</strong></span> 
     </span>
     <span class='ocr_line' id='line_1_14' title="bbox 102 2633 1223 2724; baseline 0.004 -24"><span class='ocrx_word' id='word_1_108' title='bbox 102 2642 162 2713; x_wconf 90' lang='lat' dir='ltr'><strong>est,</strong></span> <span class='ocrx_word' id='word_1_109' title='bbox 185 2633 385 2702; x_wconf 88' lang='lat' dir='ltr'><strong>elisionem</strong></span> <span class='ocrx_word' id='word_1_110' title='bbox 377 2655 411 2698; x_wconf 87' lang='grc' dir='ltr'><strong>ιιι</strong></span> <span class='ocrx_word' id='word_1_111' title='bbox 432 2633 584 2699; x_wconf 89' lang='lat' dir='ltr'><strong>interiore</strong></span> <span class='ocrx_word' id='word_1_112' title='bbox 605 2653 684 2700; x_wconf 88' lang='lat' dir='ltr'><strong>voce</strong></span> <span class='ocrx_word' id='word_1_113' title='bbox 707 2633 825 2699; x_wconf 87' lang='lat' dir='ltr'><strong>factam</strong></span> <span class='ocrx_word' id='word_1_114' title='bbox 847 2633 1015 2717; x_wconf 89' lang='lat' dir='ltr'><strong>appellant</strong></span> <span class='ocrx_word' id='word_1_115' title='bbox 1039 2635 1223 2724; x_wconf 76' lang='grc' dir='ltr'><em>συγκοπήν,</em></span> 
     </span>
     <span class='ocr_line' id='line_1_15' title="bbox 102 2725 487 2818; baseline -0.005 -20"><span class='ocrx_word' id='word_1_116' title='bbox 102 2731 273 2816; x_wconf 66' lang='grc' dir='ltr'>ἔκθλιψιν,</span> <span class='ocrx_word' id='word_1_117' title='bbox 295 2725 487 2818; x_wconf 75' lang='grc' dir='ltr'>ὑφαίρεσιν.</span> 
     </span>
    </p>

    <p class='ocr_par' dir='ltr' id='par_1_3' title="bbox 101 2827 1225 4084">
     <span class='ocr_line' id='line_1_16' title="bbox 180 2827 1223 2918; baseline 0.004 -22"><span class='ocrx_word' id='word_1_118' title='bbox 180 2832 374 2911; x_wconf 90' lang='lat' dir='ltr'><strong>Plerumque</strong></span> <span class='ocrx_word' id='word_1_119' title='bbox 398 2828 481 2894; x_wconf 88' lang='lat' dir='ltr'><strong>duae</strong></span> <span class='ocrx_word' id='word_1_120' title='bbox 503 2829 648 2910; x_wconf 87' lang='lat' dir='ltr'><strong>vocales,</strong></span> <span class='ocrx_word' id='word_1_121' title='bbox 684 2827 745 2894; x_wconf 91' lang='lat' dir='ltr'><strong>nisi</strong></span> <span class='ocrx_word' id='word_1_122' title='bbox 774 2829 807 2893; x_wconf 92' lang='lat' dir='ltr'><strong>in</strong></span> <span class='ocrx_word' id='word_1_123' title='bbox 809 2834 920 2910; x_wconf 85' lang='lat' dir='ltr'><strong>tegrae</strong></span> <span class='ocrx_word' id='word_1_124' title='bbox 948 2835 1079 2894; x_wconf 88' lang='lat' dir='ltr'><strong>servant</strong></span> <span class='ocrx_word' id='word_1_125' title='bbox 1080 2851 1131 2913; x_wconf 90' lang='lat' dir='ltr'><strong>ur,</strong></span> <span class='ocrx_word' id='word_1_126' title='bbox 1165 2853 1223 2918; x_wconf 92' lang='lat' dir='ltr'><strong>per</strong></span> 
     </span>
     <span class='ocr_line' id='line_1_17' title="bbox 102 2925 1223 3014; baseline 0.004 -22"><span class='ocrx_word' id='word_1_127' title='bbox 102 2928 348 2994; x_wconf 89' lang='lat' dir='ltr'><strong>contractionem</strong></span> <span class='ocrx_word' id='word_1_128' title='bbox 370 2945 492 3008; x_wconf 90' lang='lat' dir='ltr'><strong>eaeque</strong></span> <span class='ocrx_word' id='word_1_129' title='bbox 507 2933 573 2992; x_wconf 89' lang='lat' dir='ltr'><strong>cert</strong></span> <span class='ocrx_word' id='word_1_130' title='bbox 573 2926 601 2992; x_wconf 91' lang='lat' dir='ltr'><strong>is</strong></span> <span class='ocrx_word' id='word_1_131' title='bbox 617 2945 658 2993; x_wconf 84' lang='lat' dir='ltr'><strong>ex</strong></span> <span class='ocrx_word' id='word_1_132' title='bbox 678 2926 816 3009; x_wconf 89' lang='lat' dir='ltr'><strong>legibus,</strong></span> <span class='ocrx_word' id='word_1_133' title='bbox 840 2926 938 2992; x_wconf 88' lang='lat' dir='ltr'><strong>aliis</strong></span> <span class='ocrx_word' id='word_1_134' title='bbox 930 2947 965 2992; x_wconf 88' lang='grc' dir='ltr'><strong>ιιι</strong></span> <span class='ocrx_word' id='word_1_135' title='bbox 979 2925 1052 2992; x_wconf 90' lang='lat' dir='ltr'><strong>aliis</strong></span> <span class='ocrx_word' id='word_1_136' title='bbox 1068 2925 1223 3014; x_wconf 86' lang='lat' dir='ltr'><strong>dialectis,</strong></span> 
     </span>
     <span class='ocr_line' id='line_1_18' title="bbox 101 3023 1223 3109; baseline 0.005 -21"><span class='ocrx_word' id='word_1_137' title='bbox 101 3027 131 3090; x_wconf 92' lang='lat' dir='ltr'><strong>iu</strong></span> <span class='ocrx_word' id='word_1_138' title='bbox 152 3045 251 3092; x_wconf 91' lang='lat' dir='ltr'><strong>unam</strong></span> <span class='ocrx_word' id='word_1_139' title='bbox 274 3024 434 3109; x_wconf 81' lang='lat' dir='ltr'><strong>syllabam</strong></span> <span class='ocrx_word' id='word_1_140' title='bbox 457 3025 655 3106; x_wconf 89' lang='lat' dir='ltr'><strong>coalescunt,</strong></span> <span class='ocrx_word' id='word_1_141' title='bbox 685 3029 770 3089; x_wconf 92' lang='lat' dir='ltr'><strong>ute.</strong></span> <span class='ocrx_word' id='word_1_142' title='bbox 792 3043 823 3107; x_wconf 80' lang='lat' dir='ltr'><strong>g.</strong></span> <span class='ocrx_word' id='word_1_143' title='bbox 853 3023 1056 3106; x_wconf 72' lang='lat' dir='ltr'><strong>prodieram</strong></span> <span class='ocrx_word' id='word_1_144' title='bbox 1079 3031 1223 3108; x_wconf 74' lang='grc' dir='ltr'>μυθεῖαι</span> 
     </span>
     <span class='ocr_line' id='line_1_19' title="bbox 104 3120 1223 3209; baseline 0.003 -21"><span class='ocrx_word' id='word_1_145' title='bbox 104 3121 239 3208; x_wconf 39' lang='grc' dir='ltr'>(Ηοιιιη)</span> <span class='ocrx_word' id='word_1_146' title='bbox 268 3121 372 3187; x_wconf 89' lang='lat' dir='ltr'><strong>rarius</strong></span> <span class='ocrx_word' id='word_1_147' title='bbox 394 3121 548 3187; x_wconf 87' lang='lat' dir='ltr'><strong>alterutra</strong></span> <span class='ocrx_word' id='word_1_148' title='bbox 570 3121 691 3186; x_wconf 90' lang='lat' dir='ltr'><strong>vocalis</strong></span> <span class='ocrx_word' id='word_1_149' title='bbox 714 3120 871 3205; x_wconf 83' lang='lat' dir='ltr'><strong>eximitur,</strong></span> <span class='ocrx_word' id='word_1_150' title='bbox 895 3122 964 3186; x_wconf 91' lang='lat' dir='ltr'><strong>ut</strong></span> <span class='ocrx_word' id='word_1_151' title='bbox 956 3143 990 3187; x_wconf 87' lang='grc' dir='ltr'><strong>ιιι</strong></span> <span class='ocrx_word' id='word_1_152' title='bbox 1011 3128 1141 3204; x_wconf 77' lang='grc' dir='ltr'>μυθέαι</span> <span class='ocrx_word' id='word_1_153' title='bbox 1164 3145 1223 3209; x_wconf 91' lang='lat' dir='ltr'><strong>pro</strong></span> 
     </span>
     <span class='ocr_line' id='line_1_20' title="bbox 102 3218 1225 3304; baseline 0.003 -19"><span class='ocrx_word' id='word_1_154' title='bbox 102 3227 257 3301; x_wconf 79' lang='grc' dir='ltr'>μυθέεαι.</span> <span class='ocrx_word' id='word_1_155' title='bbox 287 3218 410 3298; x_wconf 80' lang='lat' dir='ltr'><strong>Quibus</strong></span> <span class='ocrx_word' id='word_1_156' title='bbox 425 3218 603 3284; x_wconf 76' lang='lat' dir='ltr'><strong>rationibus</strong></span> <span class='ocrx_word' id='word_1_157' title='bbox 619 3218 702 3283; x_wconf 87' lang='lat' dir='ltr'><strong>duae</strong></span> <span class='ocrx_word' id='word_1_158' title='bbox 717 3220 847 3286; x_wconf 88' lang='lat' dir='ltr'><strong>vocales</strong></span> <span class='ocrx_word' id='word_1_159' title='bbox 862 3219 1085 3304; x_wconf 85' lang='lat' dir='ltr'><strong>complexione</strong></span> <span class='ocrx_word' id='word_1_160' title='bbox 1100 3229 1225 3288; x_wconf 89' lang='lat' dir='ltr'><strong>contra-</strong></span> 
     </span>
     <span class='ocr_line' id='line_1_21' title="bbox 102 3314 1224 3400; baseline 0.004 -18"><span class='ocrx_word' id='word_1_161' title='bbox 102 3317 266 3398; x_wconf 90' lang='lat' dir='ltr'><strong>herentur,</strong></span> <span class='ocrx_word' id='word_1_162' title='bbox 297 3316 368 3400; x_wconf 89' lang='lat' dir='ltr'><strong>jam</strong></span> <span class='ocrx_word' id='word_1_163' title='bbox 397 3315 518 3382; x_wconf 93' lang='lat' dir='ltr'><strong>dudum</strong></span> <span class='ocrx_word' id='word_1_164' title='bbox 546 3316 580 3382; x_wconf 92' lang='lat' dir='ltr'><strong>in</strong></span> <span class='ocrx_word' id='word_1_165' title='bbox 608 3314 791 3382; x_wconf 90' lang='lat' dir='ltr'><strong>universum</strong></span> <span class='ocrx_word' id='word_1_166' title='bbox 820 3315 984 3382; x_wconf 90' lang='lat' dir='ltr'><strong>definitum</strong></span> <span class='ocrx_word' id='word_1_167' title='bbox 1017 3324 1080 3400; x_wconf 81' lang='lat' dir='ltr'><strong>est3</strong></span> <span class='ocrx_word' id='word_1_168' title='bbox 1118 3320 1224 3387; x_wconf 90' lang='lat' dir='ltr'><strong>minus</strong></span> 
     </span>
     <span class='ocr_line' id='line_1_22' title="bbox 103 3413 1225 3498; baseline 0.004 -18"><span class='ocrx_word' id='word_1_169' title='bbox 103 3421 207 3482; x_wconf 89' lang='lat' dir='ltr'><strong>autem</strong></span> <span class='ocrx_word' id='word_1_170' title='bbox 229 3413 335 3480; x_wconf 90' lang='lat' dir='ltr'><strong>adhuc</strong></span> <span class='ocrx_word' id='word_1_171' title='bbox 356 3414 607 3498; x_wconf 81' lang='lat' dir='ltr'><strong>pervestigatum</strong></span> <span class='ocrx_word' id='word_1_172' title='bbox 630 3419 686 3495; x_wconf 92' lang='lat' dir='ltr'><strong>est,</strong></span> <span class='ocrx_word' id='word_1_173' title='bbox 710 3413 869 3497; x_wconf 92' lang='lat' dir='ltr'><strong>quomodo</strong></span> <span class='ocrx_word' id='word_1_174' title='bbox 885 3421 916 3480; x_wconf 89' lang='lat' dir='ltr'><strong>et</strong></span> <span class='ocrx_word' id='word_1_175' title='bbox 931 3415 1046 3497; x_wconf 90' lang='lat' dir='ltr'><strong>quibus</strong></span> <span class='ocrx_word' id='word_1_176' title='bbox 1059 3415 1093 3480; x_wconf 93' lang='lat' dir='ltr'><strong>in</strong></span> <span class='ocrx_word' id='word_1_177' title='bbox 1115 3415 1225 3484; x_wconf 84' lang='lat' dir='ltr'><strong>formis</strong></span> 
     </span>
     <span class='ocr_line' id='line_1_23' title="bbox 105 3509 1223 3598; baseline 0.004 -22"><span class='ocrx_word' id='word_1_178' title='bbox 105 3512 256 3578; x_wconf 88' lang='lat' dir='ltr'><strong>alterutra</strong></span> <span class='ocrx_word' id='word_1_179' title='bbox 277 3511 400 3576; x_wconf 89' lang='lat' dir='ltr'><strong>vocalis</strong></span> <span class='ocrx_word' id='word_1_180' title='bbox 414 3509 447 3576; x_wconf 94' lang='lat' dir='ltr'><strong>in</strong></span> <span class='ocrx_word' id='word_1_181' title='bbox 461 3511 613 3577; x_wconf 89' lang='lat' dir='ltr'><strong>interiore</strong></span> <span class='ocrx_word' id='word_1_182' title='bbox 627 3531 706 3578; x_wconf 90' lang='lat' dir='ltr'><strong>voce</strong></span> <span class='ocrx_word' id='word_1_183' title='bbox 722 3510 903 3578; x_wconf 89' lang='lat' dir='ltr'><strong>elideretur.</strong></span> <span class='ocrx_word' id='word_1_184' title='bbox 932 3512 1016 3578; x_wconf 87' lang='lat' dir='ltr'><strong>Nam</strong></span> <span class='ocrx_word' id='word_1_185' title='bbox 1031 3513 1223 3598; x_wconf 89' lang='lat' dir='ltr'><strong>Lobeckius,</strong></span> 
     </span>
     <span class='ocr_line' id='line_1_24' title="bbox 106 3608 1225 3694; baseline 0.004 -20"><span class='ocrx_word' id='word_1_186' title='bbox 106 3610 156 3690; x_wconf 92' lang='lat' dir='ltr'><strong>qui</strong></span> <span class='ocrx_word' id='word_1_187' title='bbox 177 3617 275 3674; x_wconf 86' lang='lat' dir='ltr'><strong>totam</strong></span> <span class='ocrx_word' id='word_1_188' title='bbox 299 3608 365 3674; x_wconf 82' lang='lat' dir='ltr'><strong>iere</strong></span> <span class='ocrx_word' id='word_1_189' title='bbox 386 3609 554 3674; x_wconf 90' lang='lat' dir='ltr'><strong>materiam</strong></span> <span class='ocrx_word' id='word_1_190' title='bbox 576 3609 608 3674; x_wconf 92' lang='lat' dir='ltr'><strong>in</strong></span> <span class='ocrx_word' id='word_1_191' title='bbox 633 3608 857 3675; x_wconf 87' lang='lat' dir='ltr'><strong>dissertatione</strong></span> <span class='ocrx_word' id='word_1_192' title='bbox 881 3609 945 3692; x_wconf 89' lang='lat' dir='ltr'><strong>„de</strong></span> <span class='ocrx_word' id='word_1_193' title='bbox 968 3629 1109 3694; x_wconf 89' lang='lat' dir='ltr'><strong>syncope</strong></span> <span class='ocrx_word' id='word_1_194' title='bbox 1131 3611 1225 3679; x_wconf 91' lang='lat' dir='ltr'><strong>unius</strong></span> 
     </span>
     <span class='ocr_line' id='line_1_25' title="bbox 105 3706 1225 3791; baseline 0.006 -21"><span class='ocrx_word' id='word_1_195' title='bbox 105 3707 243 3773; x_wconf 87' lang='lat' dir='ltr'><strong>vocalis“</strong></span> <span class='ocrx_word' id='word_1_196' title='bbox 267 3706 300 3770; x_wconf 95' lang='lat' dir='ltr'><strong>in</strong></span> <span class='ocrx_word' id='word_1_197' title='bbox 322 3706 481 3771; x_wconf 81' lang='lat' dir='ltr'><strong>Element.</strong></span> <span class='ocrx_word' id='word_1_198' title='bbox 526 3706 618 3772; x_wconf 89' lang='lat' dir='ltr'><strong>Patb.</strong></span> <span class='ocrx_word' id='word_1_199' title='bbox 641 3707 673 3790; x_wconf 96' lang='lat' dir='ltr'><strong>I,</strong></span> <span class='ocrx_word' id='word_1_200' title='bbox 696 3727 728 3791; x_wconf 89' lang='lat' dir='ltr'><strong>p.</strong></span> <span class='ocrx_word' id='word_1_201' title='bbox 752 3710 813 3772; x_wconf 81' lang='lat'><strong>218</strong></span> <span class='ocrx_word' id='word_1_202' title='bbox 836 3725 904 3790; x_wconf 90' lang='lat' dir='ltr'><strong>sqq.</strong></span> <span class='ocrx_word' id='word_1_203' title='bbox 927 3709 1165 3776; x_wconf 87' lang='lat' dir='ltr'><strong>accuratissime</strong></span> <span class='ocrx_word' id='word_1_204' title='bbox 1186 3730 1225 3777; x_wconf 91' lang='lat' dir='ltr'><strong>ac</strong></span> 
     </span>
     <span class='ocr_line' id='line_1_26' title="bbox 106 3801 1225 3886; baseline 0.004 -18"><span class='ocrx_word' id='word_1_205' title='bbox 106 3801 285 3870; x_wconf 87' lang='lat' dir='ltr'><strong>doctissime</strong></span> <span class='ocrx_word' id='word_1_206' title='bbox 307 3803 452 3886; x_wconf 79' lang='lat' dir='ltr'><strong>collegit,</strong></span> <span class='ocrx_word' id='word_1_207' title='bbox 482 3809 607 3870; x_wconf 90' lang='lat' dir='ltr'><strong>veteres</strong></span> <span class='ocrx_word' id='word_1_208' title='bbox 632 3805 855 3886; x_wconf 77' lang='lat' dir='ltr'><strong>grammaticos</strong></span> <span class='ocrx_word' id='word_1_209' title='bbox 878 3811 1005 3870; x_wconf 90' lang='lat' dir='ltr'><strong>secutus</strong></span> <span class='ocrx_word' id='word_1_210' title='bbox 1026 3825 1091 3870; x_wconf 91' lang='lat' dir='ltr'><strong>nou</strong></span> <span class='ocrx_word' id='word_1_211' title='bbox 1114 3805 1225 3873; x_wconf 90' lang='lat' dir='ltr'><strong>distin·</strong></span> 
     </span>
     <span class='ocr_line' id='line_1_27' title="bbox 106 3900 1224 3987; baseline 0.003 -22"><span class='ocrx_word' id='word_1_212' title='bbox 106 3901 170 3982; x_wconf 83' lang='lat' dir='ltr'><strong>guit</strong></span> <span class='ocrx_word' id='word_1_213' title='bbox 182 3919 347 3986; x_wconf 88' lang='lat' dir='ltr'><strong>syncopen</strong></span> <span class='ocrx_word' id='word_1_214' title='bbox 368 3900 536 3983; x_wconf 89' lang='lat' dir='ltr'><strong>vocalium,</strong></span> <span class='ocrx_word' id='word_1_215' title='bbox 560 3921 643 3983; x_wconf 88' lang='lat' dir='ltr'><strong>quae</strong></span> <span class='ocrx_word' id='word_1_216' title='bbox 663 3901 747 3968; x_wconf 89' lang='lat' dir='ltr'><strong>inter</strong></span> <span class='ocrx_word' id='word_1_217' title='bbox 761 3907 974 3969; x_wconf 81' lang='lat' dir='ltr'><strong>consonanter</strong></span> <span class='ocrx_word' id='word_1_218' title='bbox 995 3903 1119 3987; x_wconf 89' lang='lat' dir='ltr'><strong>positae</strong></span> <span class='ocrx_word' id='word_1_219' title='bbox 1140 3911 1224 3986; x_wconf 89' lang='lat' dir='ltr'><strong>sunt,</strong></span> 
     </span>
     <span class='ocr_line' id='line_1_28' title="bbox 108 3997 1225 4084; baseline 0.004 -22"><span class='ocrx_word' id='word_1_220' title='bbox 108 3997 145 4062; x_wconf 91' lang='lat' dir='ltr'><strong>ab</strong></span> <span class='ocrx_word' id='word_1_221' title='bbox 173 4000 217 4066; x_wconf 89' lang='lat' dir='ltr'><strong>eis</strong></span> <span class='ocrx_word' id='word_1_222' title='bbox 245 3997 417 4082; x_wconf 84' lang='lat' dir='ltr'><strong>exemplis,</strong></span> <span class='ocrx_word' id='word_1_223' title='bbox 450 3997 484 4064; x_wconf 91' lang='lat' dir='ltr'><strong>in</strong></span> <span class='ocrx_word' id='word_1_224' title='bbox 511 3999 625 4082; x_wconf 93' lang='lat' dir='ltr'><strong>quibus</strong></span> <span class='ocrx_word' id='word_1_225' title='bbox 652 4000 807 4066; x_wconf 87' lang='lat' dir='ltr'><strong>alterutra</strong></span> <span class='ocrx_word' id='word_1_226' title='bbox 827 3999 1037 4084; x_wconf 90' lang='lat' dir='ltr'><strong>complurium</strong></span> <span class='ocrx_word' id='word_1_227' title='bbox 1065 4001 1225 4066; x_wconf 87' lang='lat' dir='ltr'><strong>vocalium</strong></span> 
     </span>
    </p>
   </div>
   <div class='ocr_carea' id='block_1_3' title="bbox 0 0 1495 4868">
    <p class='ocr_par' dir='ltr' id='par_1_4' title="bbox 0 0 1495 4868">
     <span class='ocr_line' id='line_1_29' title="bbox 0 0 1495 4868; baseline 0 0"><span class='ocrx_word' id='word_1_228' title='bbox 0 0 1495 4868; x_wconf 95' lang='lat' dir='ltr'><strong> </strong></span> 
     </span>
    </p>
   </div>
  </div>
 </body>
</html>
