2972 4868
447 435 480 492 dc
496 433 710 504 reduplicaticne
728 448 833 504 praeca.
1138 429 1200 496 337

161 599 296 684 λάλος.
326 640 368 676 -.
397 606 535 691 Syllaba
556 607 587 670 lc
612 606 750 692 repetita
770 603 891 690 garruli
913 605 966 671 vel
991 604 1202 674 balbutientis

82 718 188 765 vocam
212 696 286 783 (scr.
310 702 432 788 letaldi)
454 705 625 770 imitamur.
670 703 763 784 Quod
785 703 848 767 latu
871 701 1003 770 exhibet
1024 699 1201 784 λαλά-ζ-ω,

82 797 207 862 latit-rc
238 799 415 884 etreliqua
437 822 519 886 quac
541 802 707 869 attulimus
727 823 760 886 p.
783 803 856 868 285.
901 799 998 868 Unde
1018 799 1110 866 fluxit
1130 799 1201 879 λαλ,

83 894 120 960 ci.
141 893 272 976 toli-og,
294 897 435 978 λαλ-εῑν,
457 899 504 965 lit.
527 899 639 973 lat-cri,
663 905 763 984 gerris.
786 899 904 963 lull-cn.
1040 943 1048 960 ,

160 1003 269 1058 raino
279 1017 305 1072 ς.
321 1031 364 1042 -
378 1017 409 1081 p.
426 999 488 1062 286
504 998 630 1064 collatis
653 995 797 1076 σπί-ζ-ιυ
814 999 952 1073 σπι-νος
967 1003 1000 1062 et
1021 995 1201 1076 πῑ-πί-ζ-ιυ

80 1091 236 1174 pipi-ure
254 1095 428 1177 pit-pi-opr),
452 1114 511 1160 scr.
531 1092 719 1180 pi-lpipt-lm
735 1093 790 1171 (de
806 1093 921 1178 prioris
936 1093 1084 1179 syllabae
1098 1093 1203 1160 vocali

82 1185 236 1269 producta
264 1188 302 1255 ci.
333 1211 364 1276 p.
388 1194 462 1268 329)
496 1191 637 1259 radicem
671 1189 838 1258 statuimus
867 1191 1064 1275 duplicatam
1092 1215 1200 1258 πι-πι.

80 1283 211 1350 Brevicr
225 1292 333 1354 autem
348 1289 420 1372 ejus
438 1290 541 1356 forma
555 1295 604 1356 est
617 1295 695 1372 nire,
718 1287 810 1372 cujus
825 1295 899 1356 sunt
914 1299 1049 1368 πῑπ-ος,
1072 1293 1202 1373 nin-pa

81 1376 121 1467 (ἡ,
143 1383 182 1449 cl.
210 1381 385 1469 clap-poste
406 1385 601 1473 ψυχ-ρό-ς),
634 1385 759 1466 aran-ui,
782 1386 944 1464 πιπ-αλίς
977 1386 1010 1464 (i.
1032 1405 1063 1470 q.
1083 1387 1202 1467 χαλκίς

81 1479 180 1563 Hes),
218 1483 416 1570 πιφ-αλλίς·
455 1481 474 1571 ἡ
508 1486 651 1572 trip-ty}
671 1483 758 1566 Hcs,
796 1502 815 1550 e
845 1483 958 1550 latinis
991 1489 1100 1550 autem
1129 1485 1202 1569 pip-
1261 1495 1268 1516 ‘

82 1597 140 1650 cre,
167 1580 333 1664 pip-c'lcra
360 1583 518 1666 psp-uluar
551 1582 598 1648 lit.
618 1581 749 1668 stip-cla
778 1581 934 1664 coturnix,
964 1600 1023 1648 scr.
1043 1580 1201 1666 pipp-alcu

76 1676 220 1760 pipp-alc
243 1679 350 1744 avium
372 1679 513 1744 numina.

160 1797 213 1838 πυ
221 1773 362 1856 ππ-άζ
369 1801 431 1842 ειν
453 1782 503 1842 cst
525 1775 621 1843 cdere
637 1795 749 1842 vocem
771 1799 862 1840 πυπ
884 1771 1082 1857 (ndstra-affl,
1105 1795 1201 1868 quain

81 1869 170 1937 liceat
191 1873 226 1937 in
250 1873 422 1957 duplicatis
444 1873 562 1940 referre
584 1873 701 1938 collato
724 1868 952 1951 ποππύ-ζ-ειν
974 1895 1005 1958 p.
1029 1875 1102 1939 286.

159 1968 320 2048 τιτθός.
354 2007 395 2016 -
428 1969 587 2036 Eradice
609 1969 686 2052 dia,
719 1969 821 2036 ielare
849 1973 1034 2053 (θῇ-σθαι,
1064 1973 1201 2058 θῆ-λυς,

74 2063 201 2150 sc-lcrc,
214 2067 370 2152 ser-mina)
393 2067 512 2152 prodiit
533 2066 647 2144 dludi,
671 2057 763 2139 darili,
786 2065 824 2131 ci.
841 2085 901 2132 scr.
921 2065 1038 2140 dadi-i,
1063 2069 1202 2134 dudd-an

83 2163 253 2236 (dudda-n?
276 2165 314 2230 cl.
330 2166 454 2232 boruss.
477 2165 588 2237 duduc,
612 2164 666 2230 F.²
688 2165 741 2241 98)
764 2164 826 2235 lac,
849 2159 958 2250 apd-p
974 2165 1058 2246 avia,
1080 2172 1202 2253 ape-lg

82 2267 263 2344 matertera,
281 2266 429 2340 «τίτθ-ος
450 2281 605 2342 mamma,
633 2265 752 2347 atad-p
787 2261 910 2342 nutrix,
940 2281 1072 2344 quorum
1094 2265 1202 2331 varias

82 2357 318 2427 terminationes
332 2381 398 2426 non
412 2361 535 2428 habent
551 2358 604 2443 qui
619 2360 867 2442 interpretentur
882 2356 934 2441 qui
952 2357 1200 2442 duplicationem

17 2493 18 2502 .
82 2455 250 2536 praefixam
266 2464 409 2524 statuunt
425 2455 475 2542 (Ο.
486 2457 544 2524 Nr.
559 2453 646 2541 307).
673 2454 936 2538 Antiquissimam
947 2463 1054 2523 autem
1068 2458 1202 2525 sormam

83 2551 180 2616 clauc
208 2555 352 2622 servavit
382 2555 494 2639 lingua
525 2553 632 2638 gotica
660 2559 695 2618 ut
730 2571 872 2635 semper:
910 2552 1063 2638 dudd-jac
1091 2557 1202 2624 ielare.

83 2647 183 2716 Etiam
204 2649 308 2729 τιθός
329 2651 507 2732 cni-cuda,
539 2652 633 2732 cicur,
656 2650 718 2716 huc
740 2649 956 2736 pertinent¹⁹).

162 2767 383 2850 φέβ-ομαι.
429 2797 469 2810 -
516 2761 650 2828 Callatis
692 2779 752 2825 scr.
789 2757 953 2822 bi-tlte-mz·
987 2768 1019 2828 at
1052 2763 1201 2847 palaeog,
1314 2801 1323 2818 .

84 2855 194 2922 liic-n
239 2859 393 2924 bibi-nic
437 2859 577 2928 radicem
620 2857 816 2941 duplicatam
859 2858 1037 2940 reperimus
1084 2853 1205 2923 biri-blut

84 2955 189 3022 timere
220 2949 294 3038 (scr.
326 2957 380 3021 tlt
405 2959 533 3042 timere,
567 2955 693 3040 ctaj-us
719 2955 833 3033 timor).
878 2953 984 3035 Quare
1012 2957 1051 3024 G.
1077 2957 1203 3025 Curtius

84 3049 134 3117 Gr.
155 3055 211 3120 Nr.
235 3059 297 3120 409
315 3048 510 3140 'suspicatus
539 3059 588 3120 cst
616 3059 785 3143 pcc-opat
812 3077 830 3123 e
856 3059 1071 3145 φε-βι-ο-μαι
1100 3065 1202 3122 ortum

86 3167 152 3216 esse
174 3152 364 3220 dissimilata
385 3153 528 3236 aspirata
548 3153 652 3219 altera
679 3153 767 3238 prius
789 3175 885 3237 quam
906 3153 1068 3238 aspiratae
1090 3160 1202 3220 tenues

87 3253 169 3316 ottae
191 3252 256 3316 sint
278 3250 329 3328 (cl.
352 3256 470 3340 φέρβω
492 3250 577 3316 infra
598 3257 630 3316 et
652 3271 683 3336 p.
708 3255 792 3330 319).
837 3252 903 3318 Sed
925 3249 1203 3334 restantimpcdi·

85 3352 187 3411 menta
222 3347 300 3414 duc:
337 3349 473 3414 alterum
510 3347 595 3432 quod
631 3349 781 3414 statuitur
816 3348 933 3416 radicis
969 3347 1024 3410 cli
1056 3348 1202 3414 vocalem

87 3443 248 3512 evanuisse
276 3445 389 3512 relicta
416 3445 522 3512 vocali
543 3445 587 3512 ad
615 3445 826 3528 perlectorum
855 3442 969 3524 (δείδω
992 3444 1013 3510 i.
1036 3463 1064 3510 e.
1088 3443 1201 3524 ὁεὸιω,

87 3542 243 3618 stt-natos)
273 3545 367 3608 ritum
390 3549 556 3609 attenuata
585 3543 658 3626 (scr.
681 3542 850 3608 hacine-a
872 3539 1056 3630 πε-φυ-α),
1086 3549 1202 3610 natura

87 3641 186 3702 autem
214 3638 332 3706 radicis
361 3659 491 3724 prorsus
520 3639 642 3722 deleta,
677 3641 812 3708 alterum
836 3640 923 3724 quod
952 3660 991 3707 ca
1012 3642 1134 3710 vocalis
1156 3648 1202 3708 at

88 3809 282 3829 R.-

153 3945 182 4013 ι9)
199 3947 327 4005 Similiter
343 3964 359 4004 e
375 3947 432 4004 rad.
443 3948 498 4005 dltn
516 3946 599 4016 (tiu)
616 3947 717 4020 prodiit
727 3949 811 4020 duda,
829 3950 902 4022 quod
919 3951 1050 4024 praebent
1067 3952 1202 4010 sementa

90 4020 180 4082 duct-i
195 4027 315 4085 dudd-rc
332 4029 418 4096 ferox,
436 4028 564 4085 dccl-na
582 4027 698 4086 dudd-at
713 4036 783 4100 part.
