3020 4866
344 440 386 497 De
404 439 527 496 infinitivi
544 447 694 511 temporum
714 457 766 499 usu
785 440 968 514 Thucydideo.
1180 438 1221 502 63

105 617 231 696 μονίοις
252 614 309 680 καὶ
333 612 509 690 δικασταῖς
531 610 676 691 ἐκείνοις
696 585 904 700 χρήσασθαι,
927 609 1005 690 τούς
1023 637 1058 679 τε
1082 609 1221 692 ἀδίκους

106 709 262 792 κολάζειν,
278 707 372 795 παρὰ
384 709 481 798 δίκην
493 710 530 778 δὲ
546 706 677 778 οὐδένα.
702 711 771 790 VII,
784 717 834 793 56,
848 714 867 776 2
882 708 960 788 τούς
971 734 1007 776 τε
1020 709 1083 796 γὰρ
1099 707 1221 790 ἄλλους

99 803 247 895 Ἓλληνας
263 803 368 886 εὐθὺς
382 807 461 886 τοδς
475 809 537 890 μὲν
552 807 835 894 ἐλεοθεροῦοθαι,
857 805 935 885 τούς
952 807 989 874 δὲ
1005 805 1117 894 φόβου
1133 807 1220 874 ἀπο-

104 903 243 972 λύεσθαι
264 926 292 973 e.
316 927 346 990 q.
362 927 387 974 s.
424 908 645 976 Persuasionis
666 906 856 986 firmitatem,
879 907 928 974 oui
951 926 1002 972 res
1024 905 1129 974 lutura
1147 906 1217 992 Jam

103 1003 181 1070 laeta
202 1004 344 1084 videtur,
377 1014 548 1090 praesente
568 1006 614 1072 sie
635 1006 758 1072 indioat
779 1006 927 1090 seriptor,
951 1013 986 1070 ut
1012 1003 1106 1084 dieat,
1129 1005 1157 1072 si
1179 1025 1218 1072 ea

104 1121 179 1185 quae
199 1103 233 1168 in
261 1104 422 1170 sententia
450 1103 641 1172 seoundaria
669 1105 905 1184 contineantur,
938 1103 1131 1182 elidamur,
1165 1124 1218 1170 ne·

103 1201 234 1268 aemerio
256 1221 456 1285 nonaequens
477 1221 557 1280 esse,
580 1208 615 1268 ut
636 1221 688 1268 res
709 1203 742 1267 in
765 1201 1108 1287 primariasignifioata
1123 1221 1218 1268 even·

103 1303 163 1364 tum
185 1299 316 1366 habeat.
353 1300 400 1366 Ao
420 1298 513 1366 nobis
535 1299 678 1383 quidem,
702 1300 755 1384 qui
778 1299 912 1384 perinde
933 1301 1105 1383 loquimur,
1136 1300 1218 1366 nihil

102 1394 132 1460 id
146 1395 242 1464 habet
257 1398 453 1477 offensionis,
476 1397 533 1463 sed
549 1396 727 1464 navendum
743 1404 800 1476 ast,
822 1418 864 1464 ne
879 1399 1019 1464 Graecos
1034 1417 1097 1464 non
1112 1399 1218 1466 minus

103 1511 190 1576 quam
210 1515 271 1561 nos
292 1495 349 1560 illo
372 1515 431 1561 usu
453 1495 606 1562 deleotari
628 1502 784 1579 putemus,
806 1493 840 1560 id
863 1495 948 1580 quod
965 1495 1115 1562 Herbstio
1130 1496 1217 1564 vide-

102 1599 147 1658 tur
160 1593 325 1672 aooieisso,
345 1612 416 1660 oum
430 1592 464 1658 in
479 1594 590 1660 libello
607 1593 648 1660 de
663 1592 776 1660 Cobeti
797 1593 1075 1662 emendationibus
1090 1594 1216 1681 Thnep-

102 1688 200 1758 dideis
227 1711 303 1776 pag.
329 1695 367 1758 18
389 1691 435 1758 sio
456 1691 583 1758 statuit:
621 1690 849 1776 „Thuoydides
871 1691 928 1758 hat
948 1691 983 1758 in
1006 1691 1068 1758 den
1091 1691 1217 1770 Fallen,

103 1786 149 1855 dle
169 1790 238 1857 hier
257 1789 293 1854 in
316 1789 467 1856 Betraoht
487 1791 640 1856 kommen
661 1790 810 1868 konnen,
843 1810 903 1854 nur
934 1787 976 1856 da
1004 1789 1056 1856 ein
1078 1789 1217 1856 Presens

101 1885 145 1952 itlr
165 1888 218 1955 ein
240 1889 411 1966 Futurum,
440 1907 490 1952 wo
518 1888 550 1952 in
573 1887 677 1954 einem
701 1887 847 1956 Beisatze
869 1888 941 1954 eine
962 1887 1083 1954 andere
1106 1886 1217 1952 Hand-

102 1983 172 2068 lung
194 1986 344 2053 deneben
366 1986 496 2068 gestellt
520 1985 577 2063 ist,
612 1983 710 2050 duroh
740 1985 792 2052 die
821 1985 880 2052 das
901 1986 1040 2052 Prteens
1067 2005 1105 2050 zu
1128 1984 1217 2051 einer

102 2083 251 2150 relativen
267 2083 338 2150 Zeit
360 2083 473 2149 wird.“
508 2083 594 2148 Atei
613 2083 673 2148 hoe
695 2089 901 2168 praeeeptum
925 2083 965 2161 (si
987 2082 1115 2170 quidem
1131 2089 1216 2150 reete

102 2199 119 2244 a
137 2202 186 2250 me
200 2182 410 2265 intellegitur)
433 2199 577 2266 premere
599 2182 756 2260 volumus,
782 2180 1022 2248 oonoedendum
1045 2181 1114 2260 erit,
1143 2187 1216 2265 post

102 2297 219 2348 omnem
242 2280 436 2346 sententiam
452 2277 703 2344 eondieionalem
721 2298 878 2361 omneque
893 2279 1106 2364 partieipium‚
1129 2279 1215 2361 quod

102 2375 275 2460 hujusmodi
297 2377 488 2444 sententiam
511 2376 667 2456 eontinet,
695 2376 885 2442 infinitivum
914 2376 1093 2460 praesentis
1120 2376 1215 2442 luturi

101 2473 163 2540 loeo
184 2477 262 2560 poni
284 2493 388 2560 posse.
418 2473 510 2554 Quod
532 2475 642 2558 prooul
665 2495 685 2540 a
707 2495 784 2542 vero
806 2475 920 2540 abesse
942 2475 1036 2540 iaoile
1058 2474 1215 2558 exemplis

102 2571 330 2640 demonstrabo.
353 2573 521 2639 Herbstius
534 2576 723 2658 προφέρειν
737 2571 938 2650 infinitivum,
954 2571 1010 2654 qui
1021 2579 1070 2637 est
1085 2571 1108 2649 1,
1120 2573 1171 2650 93,
1185 2575 1213 2648 2,

101 2671 255 2738 notionem
277 2671 375 2736 iutnri
397 2671 518 2737 habere
539 2669 624 2748 dioit,
648 2669 706 2736 sed
727 2670 799 2736 lune
813 2677 862 2736 est
876 2669 1003 2747 elarius,
1025 2673 1215 2754 προφέρειν

101 2765 178 2834 idem
205 2777 333 2855 tempus
361 2768 506 2834 indioare
533 2767 618 2852 quod
648 2762 736 2834 εἶναι
757 2768 791 2832 in
814 2766 926 2834 eadem
955 2766 1104 2851 periodo,
1139 2786 1214 2850 ergo

102 2883 165 2932 esse
184 2867 376 2932 infinitivum
399 2867 588 2950 praesentis.
632 2866 686 2932 Sio
706 2865 780 2950 jure
801 2864 991 2944 Arnoldius‚
1020 2865 1213 2947 Kruegerna

102 2960 266 3032 Boelrmius
277 2964 514 3048 judicaverunt,
530 2971 563 3030 et
577 2962 725 3042 Hessius,
748 2983 819 3029 oum
834 2963 904 3047 ipse
919 2981 1073 3046 praesens
1087 2969 1214 3046 tempus

102 3063 196 3144 magis
216 3070 328 3146 aptum
350 3067 441 3147 putet
463 3081 557 3144 quam
579 3061 733 3140 futurum,
767 3062 850 3128 bene
877 3060 963 3126 hune
987 3061 1091 3126 loonm
1113 3060 1159 3128 sie
1180 3061 1214 3126 in

101 3156 225 3225 latinum
238 3179 418 3228 sermonem
429 3159 609 3224 transtulit:
632 3161 735 3238 „Tum
751 3159 846 3225 etiarn
862 3157 959 3241 ipsos,
975 3157 1103 3240 quando
1118 3159 1214 3224 rebus

101 3258 227 3325 nantiois
249 3278 378 3342 operam
402 3257 480 3324 dare
502 3256 691 3341 eoepissent,
717 3275 914 3340 magnopere
935 3254 1087 3338 profioere
1108 3255 1142 3320 in
1164 3274 1214 3320 ae·

102 3353 249 3433 quirenda
275 3356 451 3440 potentia.“

178 3453 230 3536 IV,
249 3457 352 3532 127,1
378 3452 517 3519 Oobetus
539 3449 745 3537 διαφθερεῖν
767 3451 875 3534 legere
896 3449 1065 3534 proposuit
1086 3445 1214 3534 (Novae

102 3546 245 3618 leotiones
259 3571 332 3636 pag.
349 3549 436 3636 366),
459 3549 628 3616 Herbstius
643 3556 773 3634 propter
786 3547 989 3631 participium
1006 3543 1213 3628 καταλαβόν-

102 3667 151 3721 τες
170 3655 275 3714 tuetur
298 3648 527 3734 διαφθείρειν.
571 3646 637 3713 Sed
665 3645 823 3729 quomodo
845 3643 894 3723 fit,
923 3644 1061 3708 utillud
1082 3643 1213 3726 partiei-

103 3741 180 3822 pium
207 3744 368 3830 praesenti
397 3763 525 3810 sensum
554 3743 649 3810 futuri
676 3742 861 3827 supponat?
911 3742 1030 3808 Ideone
1058 3759 1213 3825 praesens

105 3841 177 3916 t„als
203 3843 337 3909 relative
365 3841 466 3920 Zeir‘,
503 3849 537 3906 ut
564 3841 706 3908 Herbstii
735 3839 841 3905 verbis
869 3845 952 3914 utar)
986 3839 1123 3921 positum
1153 3847 1211 3918 est,

105 3938 179 4016 quod
205 3940 316 4006 addito
345 3935 591 4021 καταλαβόντες
620 3939 753 4021 scriptor
783 3938 936 4003 barbaros
963 3936 1008 4002 sio
1036 3955 1141 4002 seeum
1165 3955 1212 4002 re-

105 4039 242 4112 putantes
263 4038 354 4103 feeit:
377 4034 430 4116 »εἰ
454 4034 735 4122 καταληψόμεθα,
761 4035 1019 4121 διαφθείρομεν,
1043 4054 1138 4100 wenn
1154 4034 1212 4098 wir
