3020 4866
359 417 399 472 De
417 416 541 472 infinitivi
557 421 707 488 temporum
724 433 776 474 usu
793 419 975 490 Thucydideo.
1188 419 1228 482 39

104 590 326 676 „propositum
348 609 457 657 eorum
475 589 574 672 erat“,
596 589 755 676 duplicem
778 611 854 658 vero
873 593 1036 660 notionem
1054 592 1149 676 hujus
1169 591 1230 660 ior-

103 689 214 756 mulae
228 709 293 754 non
309 687 460 774 respexit,
476 694 604 754 coaetus
619 695 667 756 est
683 696 714 756 et
728 687 867 754 futurum
877 692 1050 774 neglegere
1061 698 1093 758 et
1104 689 1229 780 ῥᾳδίως

104 785 295 854 adverbium
329 787 475 854 omittere
503 793 584 869 t‚,et,
618 787 752 854 oolleeto
785 787 908 872 reliquo
936 789 1032 857 etiam
1060 794 1229 874 apparatu,
1326 777 1330 786 ’

104 885 183 951 inde
197 883 435 969 proficiscentes
446 883 585 950 Lesbum
600 885 739 958 vioinam
754 885 957 963 infestare“):
972 888 1097 972 utrique
1108 887 1231 954 soilioet

105 984 216 1049 nullus
239 989 288 1048 est
309 981 407 1064 loeus,
430 979 457 1048 ei
479 1001 500 1047 a
521 1002 609 1048 mero
630 983 729 1050 verbo
751 981 946 1050 decernendi
967 983 1110 1069 pendere
1131 991 1228 1051 statu·

105 1081 178 1146 itur.
208 1079 252 1146 At
274 1077 404 1144 dubium
427 1100 492 1145 non
515 1086 572 1163 est,
596 1081 673 1164 quin
697 1078 831 1146 διάνοια
854 1071 893 1167 ἦν
915 1081 1050 1165 putandi
1064 1081 1229 1148 notionem

105 1167 271 1244 contineat
298 1175 435 1260 ideoque
463 1177 559 1242 futuri
580 1176 770 1244 infinitivum
793 1177 934 1262 reeipiat.
979 1179 1069 1260 Quae
1091 1199 1161 1246 eum
1184 1181 1230 1246 ita

106 1275 171 1342 sint
200 1293 334 1357 eumque
356 1273 481 1362 ῥᾳδίως
509 1274 551 1340 ad
580 1281 747 1360 utrumque
776 1274 967 1342 infinitivum
990 1277 1151 1360 pertineat
1174 1279 1229 1358 (ad

106 1369 275 1438 κακιόσειν
299 1378 330 1438 et
351 1369 615 1454 χειρώσασθαι),
637 1373 671 1438 id
694 1374 779 1456 quod
799 1397 835 1440 τε
852 1373 966 1438 -καλ
988 1373 1230 1458 denjunetiones

105 1469 267 1551 indioant,
291 1487 491 1552 consequens
514 1475 578 1552 est,
602 1471 689 1536 utin
712 1472 821 1538 aeristi
843 1471 947 1536 ioeum
970 1471 1168 1539 restituenda
1189 1473 1231 1540 sit

104 1567 248 1652 genuina
269 1567 425 1652 scriptura
444 1565 687 1653 χειρώσεσθαι.
922 1626 927 1636 .

171 1663 247 1762 ἱἮ,
271 1668 301 1744 6,
327 1670 340 1728 1
366 1685 423 1748 pro
446 1659 559 1748 ἀρξειν
581 1665 677 1732 faoile
698 1662 812 1750 ἀρχειν
834 1666 886 1733 vel
917 1661 1017 1750 ἀρξαι
1039 1666 1229 1752 conjecerim

104 1762 167 1830 sed
187 1761 268 1828 nihil
291 1780 370 1844 opus
392 1767 442 1828 est
463 1762 655 1846 eonjeetura,
679 1770 849 1847 propterea
871 1763 956 1846 quod
978 1763 1118 1830 everbis
1134 1761 1231 1850 ἐφιέ-

104 1883 204 1944 μενοι
238 1865 279 1944 τῇ
316 1853 532 1946 ἀληθεστάτῃ
569 1858 746 1946 προφάσει
775 1859 989 1946 supplendum
1019 1868 1068 1928 est
1095 1863 1228 1928 verbum

104 1955 279 2041 cogitandi.
309 1955 422 2038 Neque
444 1957 529 2022 enim
541 1957 755 2024 Athenienses
777 1959 948 2042 cupiebant
968 1960 1071 2024 solum
1087 1959 1230 2027 Siciliam

105 2056 167 2122 sihi
191 2054 360 2138 subjicere,
384 2055 605 2120 verumetiam
622 2056 797 2138 sperabant
811 2055 878 2124 iore
893 2063 927 2121 ut
941 2057 1001 2122 sibi
1018 2057 1230 2140 subjicerent:

105 2151 280 2236 „eupidine
308 2152 435 2218 aeeensi
464 2159 496 2218 et
518 2172 576 2236 spe
597 2152 742 2234 addueti,
774 2173 810 2220 se
831 2153 927 2219 totins
948 2153 1074 2220 insulae
1095 2156 1230 2240 imperio

105 2249 262 2336 potituros
284 2268 365 2330 esse,
387 2249 419 2314 in
437 2249 605 2316 Wahrheit
625 2257 822 2334 angespornt
843 2249 941 2316 dureh
957 2250 1021 2316 den
1037 2251 1229 2338 Gedanhon,

106 2349 153 2414 sie
175 2346 310 2411 worden
340 2346 393 2412 die
415 2366 517 2430 ganzo
538 2349 626 2414 Insel
648 2355 740 2414 nnter
761 2347 831 2414 ihre
853 2347 1040 2414 Herrsehait
1060 2349 1230 2434 bringen.“

190 2444 249 2527 Ill,
279 2447 330 2526 36,
363 2449 375 2507 i
408 2442 640 2529 παρεχόμενον
666 2483 702 2493 -
733 2441 876 2525 ἀπάξειν
910 2464 950 2510 ex
978 2445 1129 2529 analogia
1161 2467 1231 2514 vor·

106 2543 218 2610 borum
251 2541 457 2626 promittendi
492 2541 610 2607 dietum
644 2549 692 2608 est
720 2541 832 2608 eodem
861 2541 956 2608 modo
984 2561 1023 2607 ao
1051 2542 1104 2625 VI,
1134 2547 1228 2626 65,2

107 2639 200 2728 ἥξειν
228 2642 328 2722 verbo
358 2641 520 2719 ξονέθετο
550 2639 726 2724 adjectum3
764 2639 818 2704 ubi
839 2657 915 2703 vero
944 2637 1037 2704 oifieii
1067 2638 1229 2724 debitique

107 2740 155 2804 vis
177 2739 346 2823 praevalet
367 2737 401 2802 in
424 2733 609 2820 ξύγκειται,
633 2734 784 2825 ξονθήκη
813 2729 921 2814 ἐστὶν,
945 2733 1126 2820 ὁμολογίαν
1149 2763 1229 2804 ποι-

111 2841 223 2919 οῦμαι,
246 2836 414 2916 similibus,
437 2834 616 2918 praesentis
637 2842 693 2900 aut
715 2834 824 2900 aoristi
840 2831 1016 2900 infinitivus
1030 2837 1230 2903 necessarius

109 2942 165 3000 eet.
189 2934 247 3014 111,
271 2938 320 3013 34,
345 2935 363 2998 3
396 2929 694 3015 προκαλεσάμενος
717 2930 753 3008 ἐς
774 2929 894 3016 λάχους
914 2927 1047 2996 Ἱππίαν
1070 2928 1163 3011 ὥςτε,
1187 2928 1228 3018 ἢν

107 3030 213 3117 μηδὲν
243 3026 387 3115 ἀρέσκον
417 3029 507 3115 λάχῃ,
535 3026 637 3094 πάλιν
666 3026 767 3094 αὐτὸν
796 3025 1019 3114 καταστήσειν
1041 3027 1228 3096 facillimum

108 3139 155 3196 est
170 3127 214 3194 ad
231 3126 467 3211 explicandum,
484 3126 579 3192 modo
594 3146 761 3210 agnoscas,
785 3127 981 3212 scriptorem,
1005 3137 1075 3190 oum
1090 3125 1227 3194 futurum

108 3225 287 3310 seripserit,
310 3225 443 3291 verbum
466 3224 671 3308 promittendi
693 3229 769 3290 ante
791 3225 899 3290 oeulos
921 3223 1090 3306 hahuisse3
1118 3231 1229 3292 eontra

108 3325 177 3407 VII,
202 3328 260 3401 21,
291 3325 309 3386 2
333 3319 479 3404 ἀθυμεῖν
503 3320 743 3409 ἐπιχειρήσειν,
766 3321 826 3388 etsi
849 3320 1037 3386 Floeokium
1060 3317 1147 3404 (pag.
1172 3319 1227 3406 35)

108 3441 149 3488 ne
171 3418 305 3487 effendit
326 3418 465 3502 quidem,
488 3439 553 3484 non
575 3435 651 3486 esee¹
667 3417 833 3486 ferendum
855 3417 1012 3506 existimo.
1034 3417 1122 3484 Nihil
1145 3418 1228 3484 enim

110 3539 168 3601 ego
197 3516 345 3583 invenire
374 3537 503 3601 possum
526 3536 588 3598 quo
610 3517 748 3582 futurum
777 3513 958 3597 defendam,
982 3521 1015 3580 et
1035 3515 1228 3598 praeferrem

111 3616 179 3682 eine
207 3614 408 3680 dubitatione
435 3613 594 3679 Badhami
621 3613 844 3697 oonjeoturam
866 3609 1082 3700 ἐπιχειρῆσαι
1091 3614 1137 3696 ¹⁰),
1167 3613 1230 3680 nisi

111 3713 206 3779 altius
229 3711 404 3795 seripturae
425 3711 542 3777 menda
565 3711 665 3777 latere
688 3710 859 3777 uideretur.
883 3709 937 3792 VI,
954 3714 1004 3791 61,
1021 3713 1040 3775 3
1057 3709 1229 3778 Floeekius

182 3939 211 4002 ¹⁰)
231 3935 341 3991 charles
359 3935 479 3991 Badhan
498 3935 663 3992 Adhortatie
681 3935 715 3990 ad
729 3934 898 4004 juventutem
916 3935 1098 3992 academicam
1116 3935 1228 4007 Sydnei·
1337 3983 1339 3989 .

116 4031 201 4072 ensem
218 4017 359 4088 (Sydneiae
381 4021 453 4076 1869)
472 4013 531 4086 pe'g.
552 4021 592 4072 24.
