2958 4868
357 424 399 480 Dc
416 425 548 480 vocalium
565 439 725 494 graecarum
741 423 915 496 hyphaeresi.
1143 423 1200 484 111

85 616 121 664 er
143 601 323 680 *μιγ-εσ-ιι
340 595 519 684 derivatum
543 615 624 662 esse.
660 595 788 663 Deinde
810 597 898 680 origo
921 597 1009 663 vocis
1025 596 1134 682 ῥίμφα
1149 595 1204 664 ad-

83 695 140 760 huc
165 695 276 778 ignota
305 701 367 776 est,
399 715 474 759 nam
507 692 735 782 χαμαιριφής,
765 693 851 778 quod
884 695 917 759 in
947 693 1067 762 Suidae
1098 693 1202 760 lexico

83 793 223 876 legimus,
247 790 405 874 Kisslingi
427 791 620 858 sententiam
637 793 844 876 comprobare
866 812 931 858 non
953 798 1068 876 potest,
1093 791 1202 880 ῥίμφα

84 909 149 957 esse
165 897 344 974 correptum
361 909 401 955 ex
420 889 639 975 *ῥιμφ-εσ-α.
672 891 777 956 Etiam
792 889 917 973 reliqua
931 887 1096 971 adverbia,
1120 907 1202 973 quae

83 988 223 1072 Kissling
245 988 289 1054 ed
311 987 426 1072 stirpes
448 987 482 1052 in
505 1005 663 1054 consonas
684 1007 837 1054 revocare
859 989 942 1054 vult:
980 985 1081 1067 πύκα,
1109 984 1201 1064 ἄντα,

82 1083 180 1168 μάλα,
203 1075 282 1174 ἧκα,
315 1085 388 1170 ῥεῖα
415 1084 482 1150 alia
503 1085 628 1151 ratione
651 1083 844 1169 exponenda
864 1090 948 1151 sunt.
992 1084 1071 1151 Cum
1093 1083 1201 1152 noia-n

83 1184 161 1250 onim
184 1184 331 1250 conteras
353 1183 416 1249 skt.
438 1184 571 1266 pap-an
591 1182 645 1257 lcf.
661 1183 825 1264 „Grdz.“³
841 1185 931 1265 269);
954 1177 1054 1247 lior-a
1076 1183 1117 1248 ab
1141 1180 1202 1249 ἀντ

83 1280 256 1348 derivatum
278 1289 327 1348 est
349 1287 383 1346 ut
404 1275 498 1346 ἀντ-ί
521 1277 573 1364 (ol.
596 1281 638 1346 ib.
666 1279 758 1365 194);
782 1300 852 1346 oum
874 1277 964 1362 μάλα
987 1281 1106 1364 optime
1128 1300 1202 1346 con·

83 1379 153 1444 cinit
182 1379 419 1463 comparativus
450 1378 600 1460 *μᾶλλον
623 1399 681 1463 pro
704 1379 875 1461 *μαλ-ισν.
920 1377 1043 1462 Stirpes
1063 1379 1200 1444 aliarum

82 1495 187 1542 vocum
211 1484 246 1542 ut
269 1463 346 1562 ἧκα,
381 1475 456 1562 ῥεῖα
485 1475 628 1540 nondum
657 1476 701 1542 ad
730 1475 886 1559 liquidum
915 1475 1089 1560 perductae
1117 1484 1200 1560 eunt,

83 1575 134 1640 sed
156 1575 253 1640 etiam
275 1573 309 1638 in
332 1573 378 1638 eis
402 1596 416 1638 ε
441 1571 553 1637 elisam
577 1593 663 1655 esse,
694 1594 734 1640 ex
756 1575 861 1640 causis
880 1559 950 1658 jam
973 1574 1125 1658 expositis
1146 1594 1202 1642 ne·

82 1671 144 1753 geri
177 1671 274 1738 debet
306 1677 338 1736 et
368 1668 514 1753 Kissling
545 1671 615 1756 ipse
649 1671 683 1748 ll.
706 1690 733 1738 c.
757 1675 831 1746 201)
864 1671 1019 1738 adverbia
1053 1679 1088 1736 ut
1121 1667 1200 1754 tipo,

83 1766 197 1856 κρύφα,
222 1779 302 1852 σῖγα
325 1787 344 1833 a
366 1766 517 1850 stirpibus
539 1767 572 1832 in
596 1791 617 1832 α
640 1767 787 1834 derivata
809 1787 880 1836 esse
902 1789 966 1835 non
988 1775 1096 1852 negat.

82 2056 146 2133 rr.
201 2056 261 2122 nn
290 2052 545 2122 Pannonius
574 2055 825 2124 anrnnxrvo
853 2057 910 2124 nr
933 2027 1199 2128 POSSESSIVO.

158 2223 196 2290 ln
230 2224 429 2308 pronominis
463 2223 643 2307 personalis
678 2225 772 2291 tertia
812 2247 950 2311 persona
988 2228 1200 2314 hyphearesis

83 2323 233 2390 avocatis
255 2321 341 2388 iacta
369 2327 430 2399 est,
454 2342 528 2387 nam
553 2341 570 2388 o
592 2323 691 2406 stirpe
714 2345 773 2389 ora
797 2333 900 2391 ortum
923 2333 971 2392 est
994 2348 1072 2392 ocra
1096 2329 1200 2394 vocali

82 2439 167 2500 quam
192 2420 303 2486 dicunt
325 2419 500 2486 irrationali
530 2419 613 2486 inter
637 2443 657 2485 σ
680 2429 711 2486 et
733 2447 754 2486 r
775 2443 935 2490 consonas
956 2423 1125 2506 interjecta
1148 2423 1198 2498 (ci.

82 2517 192 2602 Rumpf
211 2519 245 2584 in
270 2517 496 2600 „Fleckeiseni
519 2517 662 2582 Annal.“
685 2520 745 2584 vol.
764 2523 813 2601 81,
839 2523 929 2602 683t3
958 2521 1096 2605 estirpc
1120 2543 1198 2588 oasa

81 2615 127 2678 vel
155 2611 209 2682 tra
242 2615 387 2682 derivata
416 2621 489 2680 sunt
512 2612 570 2680 ἑοῦ
598 2615 649 2692 (ei.
672 2617 779 2699 Apoll.
804 2617 844 2683 de
866 2638 956 2702 pron.
980 2621 1021 2684 98
1044 2616 1081 2693 G)
1095 2667 1103 2700 ‚
1135 2617 1197 2702 ἑοῖ,

81 2707 111 2775 ἑέ
133 2720 199 2779 eta
221 2713 329 2778 vocali
351 2714 432 2779 elisa
455 2699 503 2789 οὗ,
528 2707 570 2789 σῖ,
593 2709 618 2777 ἕ.
658 2712 747 2792 Quae
770 2715 981 2800 hyphaeresis
1002 2715 1138 2782 fortasse
1154 2716 1199 2782 sic

81 2805 156 2875 iacta
172 2817 229 2894 est,
252 2817 287 2876 ut
309 2811 398 2894 prius
414 2833 429 2875 a
446 2829 516 2874 oum
534 2811 680 2891 sequenti
702 2813 807 2878 vocali
830 2813 968 2898 synizesi
990 2813 1200 2897 conjungere-

81 2895 220 2984 tur‚'tum
244 2907 413 2992 paullatim
437 2914 652 2974 evanesceret.

157 3005 354 3071 Pronomina
376 3006 560 3090 possessiva
582 3003 681 3087 ἐμός,
707 3005 776 3086 σός,
800 3003 847 3087 ὃς,
872 3002 967 3090 ἁμάς,
990 3003 1084 3090 ὗμός,
1109 3007 1198 3096 σφός

81 3098 116 3164 ab
144 3099 277 3184 *ἐμεσς,
308 3108 411 3179 *ocor
442 3101 542 3181 (τεός)
572 3111 631 3169 oet.
677 3129 692 3170 ε
720 3105 801 3172 elisa
827 3105 968 3186 *deducta
997 3113 1085 3187 sunt,
1123 3127 1198 3172 nam

82 3197 187 3282 stirpes
220 3201 333 3266 horum
367 3201 588 3283 pronominum
618 3209 693 3268 sunt
720 3201 797 3284 ἔμε,
832 3226 879 3282 σε,
914 3198 978 3285 ripa
1012 3211 1081 3286 oct,
1115 3223 1198 3288 quae

82 3303 199 3362 exstant
223 3297 258 3362 in
286 3298 342 3362 lat.
374 3319 498 3374 nze-uo,
530 3307 646 3382 to-u-s,
676 3319 799 3383 „ru-un,
827 3301 861 3366 in
891 3295 1087 3386 ἁμέ-τερος,
1116 3295 1198 3384 ὑμέ-

82 3413 168 3474 τερος
204 3401 282 3478 cet.;
326 3402 493 3479 praetcrea
532 3397 627 3462 ctiam
664 3397 698 3462 in
734 3398 846 3481 lingua
881 3418 996 3481 graeca
1036 3399 1197 3482 pleniores

82 3485 467 3576 rememoreramus,
491 3491 695 3560 inveniuntur
717 3495 802 3560 enim
826 3496 903 3562 hae:
937 3493 1014 3572 τεός
1038 3495 1116 3578 don,
1140 3495 1197 3574 ἑός

84 3581 142 3650 dor.
164 3595 194 3654 et
216 3608 278 3673 ep,
302 3587 410 3677 σφεός
431 3591 463 3656 in
486 3591 588 3658 Alem.
611 3593 647 3658 ir.
671 3595 709 3657 31
737 3591 858 3677 (Bergk
870 3592 894 3677 ³)
923 3601 954 3659 et
975 3614 1028 3677 ap.
1050 3593 1111 3678 Ap.
1135 3593 1196 3660 Rh.

84 3678 258 3758 Quomodo
281 3694 387 3753 autem
411 3712 426 3754 c
449 3688 483 3753 in
510 3689 576 3756 iilis
605 3689 714 3756 formis
742 3690 903 3773 ejiciatur,
937 3691 1197 3777 monosyllabum

83 3790 159 3902 τῑσς,
186 3821 271 3904 quod
292 3831 327 3888 ut
349 3801 436 3901 eeo‘g
464 3825 568 3896 (Pind.
597 3827 691 3910 Pyth.
722 3827 753 3906 I,
778 3829 830 3901 56)
857 3845 954 3892 unam
982 3847 1104 3894 moram
1133 3827 1198 3896 elfi-

84 3911 133 3996 oit,
169 3916 373 3986 demonstrat.
418 3921 552 4004 Legitur
584 3924 669 3990 enim
705 3924 738 3988 in
771 3942 866 3988 versu
895 3923 1059 3992 Praxillae
1096 3923 1146 4011 (ir.
1180 3933 1192 3992 1

84 4005 237 4101 Bergk.³):
282 4015 366 4084 ἀλλὰ
394 4018 476 4106 Ιτεὸν
499 4016 624 4087 eiwons
654 4019 766 4104 θυμὸν
800 4019 849 4087 ἐνὶ
882 4020 1072 4108 στήθεσσιν
1102 4023 1196 4091 ἔπει·
