2958 4868
287 422 347 484 174
430 377 433 382 Ι
782 425 911 496 Mangold

283 602 350 662 tum
373 596 458 680 quod
481 617 539 664 eae
562 605 686 664 tantum
708 597 830 664 formae
850 599 1059 666 inveniuntur
1079 600 1302 683 assimulatae,
1331 621 1393 683 qua·
1461 571 1462 610 ¹

283 715 352 760 rum
381 695 502 762 vooalis
530 696 688 780 posterior
714 696 785 778 jam
814 699 890 762 ante
917 697 1008 762 illam
1035 698 1316 782 transpositionem
1336 700 1393 763 sire

282 800 399 858 natura
419 794 489 860 sive
510 793 669 877 positione
690 795 789 876 longa
810 793 913 860 fuerit.
1463 789 1464 792 ’

368 890 459 970 Quae
480 898 545 956 tam
568 891 677 974 magni
699 892 851 958 momenti
873 891 953 956 mibi
975 911 1047 959 esse
1068 891 1228 974 videntur,
1262 897 1297 957 ut
1319 893 1394 958 Curti

282 989 546 1071 explieationem,
579 989 726 1072 quemvis
747 990 947 1073 probabilem
970 1008 1026 1073 eo,
1061 989 1146 1072 quod
1169 1009 1281 1056 ornnes
1304 1011 1344 1057 ex
1363 1009 1394 1056 ea

280 1090 401 1156 formae
423 1090 563 1157 traditae
589 1125 632 1136 -
660 1097 788 1174 praeter
808 1074 972 1177 μενοινάᾳ
992 1127 1034 1138 -
1059 1091 1144 1158 beno
1164 1091 1394 1176 intellegantur,

279 1209 345 1254 non
368 1189 469 1254 ausim
494 1189 648 1272 reoipere.

364 1287 478 1369 Itaque
508 1306 548 1352 ex
578 1285 725 1352 instituto
754 1292 863 1352 nostro
890 1285 919 1351 si
947 1285 1045 1352 aliam
1074 1287 1202 1351 illarum
1231 1286 1394 1352 formarum

280 1384 526 1466 explicationem
549 1383 727 1448 rationibus
741 1384 851 1448 allatis
872 1384 1009 1466 probare
1030 1383 1199 1468 possimus,
1222 1384 1396 1467 periclitan-
1464 1415 1465 1468 l

281 1480 356 1545 dum
379 1487 436 1547 est.
467 1479 560 1560 Quod
582 1487 617 1546 ut
639 1479 706 1546 lieri
728 1481 841 1564 possit,
863 1499 994 1548 neeesse
1016 1489 1074 1559 est,
1097 1481 1217 1547 formas
1239 1501 1323 1564 quae
1343 1482 1396 1546 bne

279 1579 442 1662 pertinent
469 1579 503 1643 in
533 1578 654 1644 olasses
681 1577 881 1644 distribuere.
924 1580 1038 1662 ltaque
1065 1579 1169 1662 primo
1199 1579 1271 1644 looo
1294 1579 1336 1646 de
1356 1580 1396 1643 in-

244 1752 248 1759 *
279 1673 409 1740 finitivis
423 1675 457 1741 in
473 1699 561 1758 -uoa,
584 1675 744 1742 alterode
766 1675 913 1742 omnibus
926 1677 961 1741 in
982 1699 1104 1742 -οωντ-
1127 1684 1159 1742 et
1179 1699 1265 1762 -οῳ-
1284 1665 1394 1758 formis,

278 1772 373 1837 tertio
401 1773 443 1839 de
470 1772 612 1842 seeundo
641 1780 673 1840 et
702 1774 797 1840 tertia
825 1793 964 1857 persona
991 1773 1026 1838 in
1053 1797 1135 1860 -αᾳς
1164 1780 1196 1839 et
1222 1797 1286 1860 -αᾳ
1307 1793 1394 1858 agen·

279 1870 354 1935 dum
377 1877 434 1936 est.

554 2192 559 2200 ·
598 2107 654 2172 De
675 2103 903 2174 infinitivis
925 2109 965 2173 in
987 2133 1077 2173 -ααν,

363 2260 401 2324 In
423 2260 475 2326 bis
488 2258 661 2325 infinitivis
683 2279 747 2342 qua
767 2260 891 2326 ratione
912 2268 1074 2344 postrema
1096 2261 1227 2345 syllaba
1247 2260 1394 2345 producta
1465 2249 1466 2280 ¹

184 2368 193 2376 ‘
277 2358 332 2440 sit,
368 2357 431 2422 diei
460 2378 526 2422 non
553 2364 668 2441 potest.
712 2359 829 2424 Verum
851 2378 907 2424 eur
928 2377 999 2424 eam
1027 2357 1216 2444 produotam
1243 2365 1392 2442 putemus

277 2456 406 2521 omnino
439 2457 531 2520 nulla
563 2461 611 2522 est
643 2475 749 2522 eausa.
794 2456 892 2521 Tales
919 2457 1006 2522 enim
1033 2455 1184 2521 infinitivi
1213 2475 1285 2520 eum
1314 2455 1392 2540 apud

276 2554 449 2620 Homerum
473 2557 512 2618 25
535 2553 614 2619 loeis
636 2557 646 2626 t
652 2557 688 2619 13
711 2552 835 2634 Iliadis,
861 2557 899 2617 12
922 2551 1099 2638 Odysseae)
1120 2553 1335 2636 inveniantur,
1356 2557 1391 2617 29

276 2652 354 2716 loeis
388 2671 529 2718 eonsona
559 2651 760 2735 sequitur¹⁹);
794 2671 835 2716 ex
862 2650 995 2733 reliquis
1022 2658 1128 2716 eutem
1156 2651 1313 2734 quinque,
1343 2650 1391 2714 ubi

275 2749 397 2814 vooalis
418 2743 575 2831 sequitur,
598 2748 747 2832 syllabae
768 2771 827 2812 -αν
849 2747 1014 2832 productio
1048 2749 1099 2814 bis
1130 2756 1302 2815 exeusatur
1329 2766 1390 2813 eae·

274 2865 348 2911 sura
378 2847 522 2911 mascula
556 2845 649 2929 pedis
674 2844 824 2922 seeundi,
869 2863 909 2910 ea
937 2865 1019 2928 quae
1047 2853 1096 2912 est
1129 2853 1205 2912 ante
1234 2859 1388 2912 oaesnram
1466 2871 1467 2934 p

275 2941 360 3008 κατὰ
396 2948 508 3027 τρίτον
543 2955 699 3029 τροχαῖον
732 2946 776 3020 (Θ
806 2946 878 3007 527.
914 2947 950 3007 Ν
975 2947 1043 3021 27),
1081 2943 1132 3010 bis
1171 2943 1390 3026 semiquinaria
1466 2965 1467 2970 ¹

275 3044 310 3122 (μ
333 3045 385 3104 47.
424 3044 511 3123 109),
548 3042 647 3108 semel
684 3040 949 3124 semiseptenaria
986 3045 1028 3117 (Β
1056 3045 1140 3120 613).
1170 3039 1183 3126 )
1228 3041 1388 3108 Simillima

274 3138 398 3204 ratione
426 3139 594 3205 Rennerus
622 3138 759 3222 „Stud.“
788 3139 820 3218 I,
846 3141 875 3219 2,
900 3141 940 3202 32
971 3136 1112 3202 Curtium
1140 3147 1268 3206 seorsus
1297 3137 1388 3204 infini-

273 3236 357 3302 tivos
380 3236 490 3302 aoristi
513 3237 646 3303 seeundi
667 3236 763 3302 aotivi
786 3237 820 3300 in
842 3259 928 3300 -εειν
950 3237 1051 3301 veteri
1074 3237 1173 3304 errori
1195 3225 1305 3302 deberi
1325 3255 1386 3320 per·

274 3333 381 3417 spexit
402 3341 507 3416 atque,
531 3340 566 3399 ut
587 3355 644 3418 pro
667 3335 714 3400 eis
727 3333 845 3416 ubique
866 3333 987 3398 formae
1001 3333 1034 3398 in
1051 3359 1123 3400 -εεν
1145 3337 1384 3413 restituerentur,

274 3431 521 3497 commendavit.

345 3707 375 3770 ¹⁹)
394 3712 415 3756 B
434 3711 491 3761 29ῖ,
512 3711 533 3756 Ε
552 3710 609 3779 966,
629 3708 652 3758 Θ
671 3712 712 3762 45,
730 3711 757 3758 Κ
769 3711 827 3762 530.
848 3711 931 3762 9163.
950 3711 1044 3762 19215.
1063 3712 1158 3764 Ρ496.
1178 3713 1202 3762 Φ
1218 3712 1277 3762 454.
1295 3708 1380 3760 Χ499.

276 3791 305 3838 Ψ
320 3791 378 3841 334.
395 3805 415 3854 y
432 3792 490 3840 484.
509 3791 599 3842 494.ε
621 3793 675 3841 tlt.
694 3791 751 3842 290.
772 3790 844 3848 ζ82.
863 3792 884 3838 θ
902 3791 959 3842 599.
978 3787 992 3838 λ
1011 3791 1069 3844 292.
1090 3787 1111 3858 μ
1132 3792 1189 3844 124.
1210 3807 1224 3840 o
1242 3793 1280 3842 50.
1302 3789 1351 3842 192.
1466 3819 1467 3828 1

342 3867 375 3934 ²⁰)
394 3866 470 3934 linus
487 3867 646 3938 hymnorum
663 3867 740 3922 Hom.
760 3867 906 3923 infinitivus
924 3864 1027 3920 πελάᾶν
1043 3869 1103 3934 Vll,
1118 3874 1151 3924 44
1169 3873 1313 3924 excusatur
1328 3878 1379 3920 oae-

273 3963 337 4002 sura
360 3947 561 4015 semiquinaria,
587 3965 657 4003 unus
682 3949 754 4020 apud
771 3948 919 4004 Hesiodum
943 3947 993 4004 Th.
1012 3953 1059 4003 491
1086 3947 1196 4011 ἐξελάαν
1219 3965 1287 4005 caes.
1308 3959 1376 4002 masc.

272 4028 333 4098 ped.
356 4028 476 4084 secundi.
