2972 4868
262 382 324 446 330
745 381 886 474 Frieschc

264 561 425 623 τιταίνειν
457 555 629 622 deducere:
665 552 744 630 τούς
778 551 815 618 δὲ
847 551 958 640 πατὴρ
992 558 1171 640 Τιτῆνας
1200 549 1379 638 ἐπίκλησιν

264 655 424 720 καλέεσκε
448 652 574 729 παῖδας
597 655 749 718 νεικείων
771 657 876 738 μέγας
895 649 1055 736 Οὐρανὸς,
1078 645 1136 726 οὓς
1150 653 1245 714 τέκεν
1260 642 1380 722 αὐτός·

265 750 376 840 φάσκε
400 750 436 816 δὲ
460 755 729 828 τιταίνοντας
751 745 941 836 ἀτασθαλίῃ
964 754 1050 833 μέγα
1072 745 1165 834 ῥέξαι
1188 743 1285 830 ἐ’ργον
1311 743 1381 808 κτλ.

726 973 925 982 *—

350 1131 472 1210 Quibus
493 1130 715 1214 subjungimus
736 1149 840 1213 pauca
861 1148 977 1214 quaec
997 1129 1209 1214 perfectorum
1230 1125 1385 1212 stirpibus

265 1236 373 1296 coorta
394 1235 477 1306 sunt,
500 1227 564 1292 vim
587 1227 680 1292 simul
703 1228 912 1312 perlectorum
934 1227 1117 1292 retinentia:
1478 1263 1479 1312 γ

350 1325 576 1412 βέ-βη-λος
613 1325 779 1408 profanum
817 1325 1039 1406 i‚,betreten“)‚
1077 1343 1095 1390 e
1130 1327 1215 1406 βεβα
1250 1320 1386 1406 perfecti

265 1425 365 1509 stirpe
387 1431 488 1489 ortum
511 1421 543 1486 vi
565 1423 710 1506 passiva,
748 1431 779 1489 ct
806 1427 1046 1506 βέβα-ι-ος,
1083 1419 1167 1503 quod
1196 1439 1266 1486 esse
1289 1416 1385 1502 παρὰ

265 1521 303 1588 τὸ
326 1527 455 1608 βέβηκα
474 1519 544 1602 jam
566 1521 726 1586 intellexit
747 1519 949 1586 Herodianus
971 1519 1014 1584 ad
1036 1521 1065 1582 E
1086 1521 1136 1582 64.

351 1614 664 1703 κε-κρύφ-αλος
697 1621 856 1700 (ilidii),
894 1615 1386 1700 quodgrammaticiantiquia
1478 1621 1479 1658 r

267 1713 401 1800 κρύπτοι
431 1714 578 1779 derivant
604 1716 718 1782 melius
747 1735 841 1799 quam
869 1713 948 1780 Lob.
978 1713 1081 1794 Ε1.Ι,
1107 1717 1166 1778 165
1203 1734 1224 1779 a
1251 1709 1385 1798 κορυφή

266 1813 318 1893 (ci.
334 1812 419 1896 quod
433 1811 519 1878 idem
534 1815 621 1880 valet
636 1811 830 1900 καλιένιτρη),
853 1810 979 1876 videtur
994 1809 1036 1874 ad
1058 1811 1267 1894 perlectorum
1282 1811 1387 1876 inten-

267 1911 406 1977 sivorum
428 1909 666 1978 similitudinem
689 1912 806 1976 factum
829 1927 908 1976 esse.
939 1908 988 1972 De
1004 1931 1030 1993 φ
1045 1928 1186 1975 consona
1200 1907 1239 1974 ci.
1255 1905 1386 1995 κούμ-α

268 2011 355 2087 (nam
377 2007 519 2091 perfecta
540 2009 683 2092 aspirata
704 2009 745 2073 ab
769 2007 906 2074 Homero
928 2005 1036 2070 aliena
1058 2012 1153 2084 sunt).
1298 2073 1303 2082 ,

352 2104 537 2188 λελέγια·
566 2105 740 2186 κόχλακες,
773 2099 794 2193 ἢ
817 2104 997 2187 κοχλώόεις
1019 2102 1120 2169 τόποι
1145 2103 1222 2170 Hcs.
1245 2101 1386 2169 conchae

266 2202 499 2270 coacervatae?
536 2203 688 2286 Λέλεγες
710 2203 844 2268 fortasse
866 2209 941 2270 sunt
967 2203 1173 2286 trisyrtica,
1202 2201 1312 2271 selecti
1332 2199 1385 2266 vel

267 2301 393 2366 collecti
415 2297 592 2377 (Αἰολεῖς).

352 2394 619 2484 ἕνεηκνεόων
652 2395 828 2482 ἕνεηννετί
854 2399 958 2478 Hom„
993 2394 1191 2483 troianos
1224 2395 1385 2478 Hippocr„

267 2493 484 2582 ἐγρηγορικός
506 2495 647 2576 Aristot,
678 2493 859 2582 έγρήγορος
881 2497 968 2580 Byz.,
994 2493 1098 2570 -ότως
1120 2493 1203 2556 Plut.
1226 2488 1386 2578 ἐγρηγόρ-

269 2615 343 2668 σιος
365 2593 522 2673 Ρὶιεεεοε.,
552 2615 668 2679 -ρησις
691 2593 765 2676 Byz.
803 2629 846 2638 —
881 2594 987 2658 Etiam
1011 2613 1028 2658 c
1050 2590 1198 2678 perfectio
1220 2588 1385 2655 intensivis

268 2688 498 2774 (praesentium
521 2691 553 2754 vi
580 2689 750 2774 praeditis)
781 2691 911 2756 nomina
933 2693 1090 2757 nonnulla
1112 2697 1181 2757 orta
1208 2695 1293 2754 sunt:
1327 2691 1386 2750 κε’-

268 2810 413 2872 κραγμα,
449 2785 565 2872 -γμός,
601 2809 696 2873 -κτης
733 2787 784 2866 (ci.
819 2785 1036 2873 acapayp'oct'
1074 2786 1254 2874 κραυγάσει
1286 2784 1384 2864 Hcs),

268 2881 466 2972 γεγήθησις,
490 2889 704 2970 acaci-iaces
727 2891 785 2951 etc.

272 3199 276 3208 ’
397 3201 538 3267 CAPUT
561 3201 603 3264 ΙΙ.
639 3203 696 3266 DE
719 3202 1040 3270 DUPLIOATIONE
1062 3201 1260 3269 SUFFIXA.

517 3337 543 3402 §-
561 3340 585 3388 4.
620 3333 670 3387 na
689 3333 960 3390 nornroantonn
978 3335 1147 3390 mnenon.

351 3470 569 3554 Ἠρύκ-ακ-ον
598 3468 821 3558 ήν-ίιτ-αιι-ον
844 3474 1032 3539 aoristorum
1061 3471 1305 3557 duplicationem
1331 3465 1380 3530 rit-

198 3605 199 3608 *
270 3568 486 3650 ντλασιασμὸν
510 3569 594 3633 κατὰ
616 3575 720 3651 μέσον
742 3578 836 3635 vocat
857 3572 895 3635 E.
918 3571 960 3636 Μ.
984 3576 1055 3652 431,
1080 3575 1130 3634 54.
1174 3569 1252 3634 Cum
1273 3565 1379 3632 radicis

271 3667 454 3750 duplicatae
476 3669 579 3732 altera
594 3668 723 3751 syllaba
743 3667 795 3732 sit*
805 3669 907 3733 levior
921 3674 953 3734 et
966 3666 1142 3748 attenuata,
1165 3685 1268 3749 neque
1282 3672 1377 3728 amen

271 3764 421 3844 infracta,
451 3771 593 3846 praestat
614 3765 675 3829 hcc
697 3785 798 3847 genus
820 3767 920 3831 latine
949 3766 1054 3831 dicere
1077 3764 1226 3831 suffixum
1248 3768 1377 3827 attenua-

272 3865 339 3925 tum
361 3861 414 3926 vel
444 3865 527 3938 (cum
549 3862 713 3927 Lobeokio
736 3863 786 3926 ΕΙ.
810 3863 835 3944 Ι,
862 3865 932 3940 162)
961 3864 1132 3928 inversum.
1177 3859 1268 3940 Quod
1288 3876 1375 3942 genus

272 3977 292 4022 a
324 3955 455 4039 reliquis
491 3958 621 4024 vocibus
654 3959 823 4042 duplicatis
856 3979 920 4023 non
957 3981 1084 4044 prorsus
1118 3959 1292 4042 sejunctum
1320 3957 1374 4020 cst:
