3020 4866
268 432 288 494 6
746 431 913 488 Forssmun

267 614 341 674 sunt
368 624 524 690 praesens
545 604 621 689 dcjd
644 610 676 670 et
696 603 917 688 imperfectum
940 603 1046 681 δοοάῑ,
1075 620 1191 686 graece
1214 597 1340 681 δίδωμι
1365 607 1398 666 et

267 702 420 782 ἐδίδουν,
449 721 491 770 ex
517 703 619 769 altero
642 701 848 785 praeteritum
868 701 1079 785 perfectivum
1101 700 1188 779 dolf
1202 698 1332 781 ἐδωκα,
1364 707 1398 765 et

267 801 452 887 primarium
481 801 560 864 dnm.
607 799 673 866 Sed
694 799 793 866 valde
821 818 960 876 errares,
991 799 1019 864 si
1046 797 1129 864 illud
1157 797 1228 860 dum
1256 817 1292 862 re
1313 815 1398 863 vera

266 918 421 983 praesens
441 904 573 983 putares
595 914 681 964 esse:
704 905 754 965 est
774 898 861 965 enim
881 895 1022 963 futurum
1044 903 1077 962 et
1097 895 1184 961 idem
1197 895 1287 960 valet
1306 892 1397 977 quod

267 1017 416 1082 graecum
446 994 545 1060 δώσω
574 997 628 1062 rel
657 997 763 1080 potius
790 996 899 1078 μέλλω
930 994 1058 1060 δοῦναι.
1101 993 1256 1059 Futurum
1283 1001 1396 1060 autem

267 1094 402 1161 actionis
430 1093 575 1160 durantis
597 1093 704 1160 verbis
731 1092 909 1159 auxiliariis
939 1111 1010 1158 curn
1031 1089 1190 1157 infinitivo
1212 1091 1398 1175 conjunctis

268 1191 470 1276 exprimitur:
498 1189 581 1252 bddu
603 1191 720 1274 doodt’,
749 1193 801 1258 ioh
823 1191 932 1257 werde
959 1190 1075 1276 gehen.
1119 1187 1216 1255 Unde
1243 1195 1395 1273 apparet,

268 1291 421 1376 primaria
442 1310 463 1354 a
483 1287 679 1354 Slavonibus
701 1295 830 1355 servata
851 1307 932 1370 esse,
955 1295 990 1352 ut
1010 1287 1117 1352 lutura
1130 1295 1397 1353 momentaneae

267 1389 381 1454 futuris
403 1385 564 1452 achonum
580 1385 762 1452 durantium
778 1386 1059 1468 distinguerentur,
1082 1383 1249 1450 aGraecis
1264 1385 1398 1468 abjecta

268 1506 350 1568 esse,
373 1489 544 1568 propterea
565 1483 651 1568 quod
671 1483 706 1548 in
727 1485 823 1550 rebus
844 1484 957 1549 futuris
976 1483 1068 1548 varia
1089 1483 1251 1548 actionum
1273 1502 1399 1566 genera

267 1603 333 1650 uon
361 1581 527 1646 curabant.
577 1583 684 1663 Atque
715 1601 757 1647 ne
785 1583 867 1647 haec
896 1600 937 1646 ex
965 1579 1048 1645 alius
1080 1581 1236 1646 sermonis
1263 1580 1398 1646 iudiciis

268 1687 389 1746 temere
411 1679 580 1760 collegisse
595 1678 717 1760 videar,
740 1699 782 1744 ex
802 1680 873 1762 ipso
889 1679 1084 1745 Graecorum
1099 1696 1245 1744 sermone
1259 1679 1397 1744 afferam

269 1777 429 1862 ejusmodi
458 1777 625 1860 primaria,
655 1795 737 1859 quae
759 1777 793 1840 iu
815 1775 911 1840 futuri
932 1775 1003 1841 loco
1026 1783 1196 1860 ponuntur.
1234 1774 1396 1857 Quonam,

269 1895 404 1959 quaeso,
432 1881 527 1959 pacto
554 1873 769 1962 explicaveris
797 1871 919 1955 ἐδομοι
949 1879 980 1938 et
1009 1879 1149 1955 πίομαι,
1178 1873 1243 1940 nisi
1270 1861 1423 1940 stetuas.

268 1974 423 2058 primaria
445 1992 531 2045 esse,
556 1971 703 2036 derivata
724 1991 743 2036 e
764 1969 926 2036 radicibus
948 1968 987 2037 ἐδ
1009 1978 1042 2036 et
1062 1995 1122 2052 rra,
1145 1991 1279 2054 quarum
1300 1989 1398 2054 prae-

269 2072 374 2138 sentia
395 2070 437 2136 ab
459 2069 560 2136 auctis
582 2069 733 2135 thematis
755 2067 825 2134 ἐσδ
846 2075 878 2134 et
899 2093 960 2133 νοιν
983 2067 1208 2134 declinantur?
1310 2098 1318 2108 ·

354 2169 405 2232 Ex
426 2167 482 2247 iis,
511 2185 593 2249 quae
615 2165 769 2248 diximus,
793 2166 871 2231 satis
893 2166 1097 2232 manifestum
1119 2172 1184 2248 est,
1207 2184 1290 2248 quae
1310 2165 1397 2232 ratio

268 2267 352 2332 inter
380 2265 490 2330 aoristi
518 2264 729 2329 indicativum
752 2263 961 2346 ejusdemque
983 2262 1097 2328 modos
1117 2263 1308 2328 intercedat.
1354 2265 1398 2330 Et

269 2363 406 2449 primum
428 2361 573 2446 quidem,
606 2381 676 2427 cum
705 2352 816 2428 acuisti
837 2363 933 2445 stirps
955 2361 1115 2427 actionem
1136 2367 1398 2428 momentaneam
1454 2423 1458 2436 ,

268 2461 303 2528 in
324 2461 508 2527 uuiversum
531 2459 703 2544 significet,
731 2460 803 2524 luce
821 2448 942 2525 'clarius
964 2465 1029 2540 est,
1052 2458 1216 2542 praeteriti
1237 2460 1303 2523 rim
1325 2461 1397 2526 solo

269 2564 443 2644 augmento
465 2557 616 2624 indicari:
639 2565 674 2624 ut
695 2556 915 2640 imperfectum
937 2554 1125 2638 ἐλάμβανον
1147 2549 1175 2620 a
1189 2557 1289 2640 stirpe
1310 2557 1398 2641 λομ-

269 2663 344 2742 βαν,
367 2655 463 2722 ἐλοον
486 2656 566 2724 alo.
575 2656 730 2740 originem
744 2654 846 2734 duxit,
869 2655 916 2720 ita
930 2652 1052 2737 ἐλαβον
1066 2654 1203 2719 aoristus
1218 2675 1239 2719 a
1253 2655 1398 2722 themate

267 2756 344 2838 λαβ,
369 2753 471 2818 ἐλοσο
493 2773 514 2817 a
535 2753 629 2818 loco.
660 2755 752 2834 Tum,
776 2752 862 2836 quod
879 2753 950 2835 jam
972 2752 1006 2817 in
1028 2751 1135 2834 priore
1149 2752 1397 2818 ratiocinatione

268 2853 360 2932 latet,
381 2851 466 2916 hene
487 2849 662 2914 tenendum
685 2857 743 2930 est,
766 2869 878 2916 omnes
892 2850 1003 2917 aoristi
1017 2850 1145 2931 formas,
1169 2850 1283 2932 quibus
1304 2850 1398 2918 deest

271 2953 494 3030 augmentum,
523 2945 543 3008 i.
574 2965 601 3010 c.
634 2965 746 3011 omnes
767 2946 1142 3028 praeter'indicativum,
1166 2965 1276 3014 carere
1297 2948 1397 3030 signi-

268 3045 420 3112 ficatione
441 3042 616 3126 praeteriti.
659 3041 786 3106 Etenim
816 3045 844 3109 si
865 3043 936 3125 quis
958 3043 1165 3124 concesserit,
1194 3045 1308 3111 modos
1329 3067 1396 3112 nou

233 3154 235 3158 '
268 3164 314 3210 ex
334 3139 523 3227 praeterito,
553 3137 612 3204 sed
634 3157 652 3204 e
675 3138 816 3205 themate
838 3141 927 3205 velut
949 3141 1089 3204 omnium
1112 3140 1285 3207 formarum
1307 3163 1396 3210 com·

269 3241 361 3306 muni
392 3239 481 3304 toute
512 3235 658 3316 fluxisse,
692 3235 763 3319 pari
790 3236 886 3302 modo
915 3236 1156 3304 concedendum
1184 3246 1247 3321 est,
1280 3241 1395 3308 modos

271 3338 383 3404 aoristi
404 3355 471 3401 uon
492 3334 639 3400 emisisse
661 3339 877 3416 augmentum,
900 3334 959 3401 sed
980 3355 1153 3420 numquam
1175 3337 1336 3405 hahuisse.

274 3575 342 3648 st·
388 3569 517 3637 uuor·
531 3569 706 3637 rucruu
728 3569 813 3652 sir,
843 3569 902 3637 ur
923 3570 1097 3638 uoursrr
1120 3528 1393 3643 rurrururvus

342 3666 841 3734 reuocare-resurremus
863 3667 1092 3736 rourouuu
1113 3671 1327 3738 urrunnu.

359 3821 402 3888 At
430 3810 547 3886 dixerit
568 3820 726 3905 quispiam
749 3841 820 3888 esse
842 3821 931 3886 aliud
951 3843 1053 3906 genus
1075 3824 1244 3907 loquendi,
1274 3825 1308 3890 in
1330 3844 1393 3909 quo

274 3917 362 3986 modi
372 3917 482 3984 acuisti
496 3917 540 3982 ad
554 3937 622 3984 rem
632 3919 838 4002 praeteritam
850 3926 1004 4004 spectent,
1017 3922 1113 3988 sicut:
1129 3921 1205 3988 τότε
1222 3920 1391 4008 ἐγνώσθη,

275 4011 328 4081 ὅτι
374 4013 410 4080 οἱ
459 4011 627 4100 βάρβαροι
669 4014 727 4083 τὸν
771 4013 957 4100 ἄνθρωπον
1000 4013 1245 4104 ὑποπέμψαιεν
1291 4015 1390 4104 (Xen.
