3020 4866
156 431 160 438 “
283 425 323 489 16
764 425 932 483 Forssmanu

283 623 340 688 per
360 611 427 670 tam
455 600 558 668 laellis
586 607 635 667 est
663 598 825 666 distinctio
853 601 1016 684 utriusque
1038 599 1193 668 infinitivi.
1239 599 1400 686 Centoras,
1494 573 1495 608 r

283 720 412 784 quaeso,
445 700 544 766 Thue.
573 699 694 780 1,139,
724 702 753 778 4,
783 697 838 762 ubi
859 699 1000 766 Perieles
1027 699 1126 765 fertur
1154 700 1259 782 λέγειν
1287 723 1324 766 τε
1348 705 1402 768 καὶ
1493 693 1495 704 '

283 797 450 881 πράσσειν
480 793 712 871 δυνατώτατος
733 795 847 878 luisse,
876 816 948 862 eum
976 797 1023 862 eis
1051 815 1133 879 quae
1154 797 1210 879 IV,
1234 802 1290 882 84,
1322 800 1403 867 nde

282 895 420 962 Brasida
441 895 606 962 diduntur:
637 883 677 980 ἦν
707 893 743 959 δὲ
768 890 827 959 οὐκ
850 890 1022 977 ἀδύνατος,
1047 891 1093 971 ὡς
1115 895 1402 978 Λακεδαιμόνιος,

284 993 403 1060 εἰπεῖν.
440 994 562 1073 Quibus
583 993 692 1058 verbis
713 1011 784 1058 eum
807 992 920 1058 eadem
936 993 1050 1060 Pericli
1065 993 1284 1077 Brasidaeque
1305 997 1404 1062 virtus

284 1092 488 1175 eloquentiae
520 1091 685 1172 tribuatur,
714 1091 747 1163 in
780 1090 931 1156 universa
952 1090 1081 1173 quidem
1104 1093 1265 1158 sententia
1286 1093 1321 1158 hi
1343 1095 1403 1160 leei
1493 1141 1495 1170 .

283 1195 476 1274 congruunl3
509 1188 567 1256 sed
596 1189 650 1271 qui
682 1187 867 1272 diligentius
887 1208 955 1256 rem
978 1187 1199 1274 perpenderit,
1227 1192 1262 1256 in
1283 1213 1350 1258 una
1371 1212 1403 1260 re
1493 1179 1495 1208 ⁴

282 1287 406 1354 uariam
439 1287 595 1353 rationem
627 1286 791 1369 eogitandi
822 1293 855 1352 et
886 1286 1014 1352 diuendi
1046 1288 1233 1371 scriptorem
1261 1297 1403 1356 seeuturn
1493 1279 1495 1324 ⁵

284 1406 355 1454 esee
382 1406 447 1451 non
474 1384 615 1467 negabit.
659 1385 742 1448 Nam
765 1384 872 1450 verbis
896 1381 1128 1462 δυνατώτατος
1148 1387 1257 1470 λέγειν
1280 1389 1315 1454 iu
1337 1389 1404 1454 uni·
1494 1417 1495 1470 q

284 1503 411 1550 versum
433 1501 584 1564 magnam
601 1483 815 1564 eloquentiam
829 1481 995 1548 contendit
1009 1481 1108 1549 luisse
1122 1484 1156 1548 in'
1171 1485 1310 1570 Periule;
1334 1507 1402 1552 eun
1493 1473 1495 1496 '

282 1601 360 1648 vero
387 1580 556 1647 Braeidam
585 1576 645 1644 οὐκ
674 1576 837 1645 ἀδύνατον
871 1577 980 1645 εἰπεῖν
1003 1579 1096 1660 dicit,
1131 1601 1203 1647 eum
1236 1585 1404 1650 oeensiene

283 1681 393 1745 oblata
424 1699 489 1744 non
520 1678 703 1762 imperitum
735 1673 875 1744 dicendi
891 1677 990 1743 iuuisse
1018 1685 1137 1744 narrat.
1181 1681 1328 1746 Alterum
1361 1682 1405 1748 sie

283 1778 419 1843 fortasse
450 1776 599 1841 verteris:
636 1776 799 1856 „Perides
836 1777 1132 1859 praestantissimus
1164 1785 1234 1843 erat
1266 1779 1403 1857 erater“,

283 1876 420 1940 alterum
439 1874 509 1958 jam
531 1874 714 1957 eompositis
735 1874 844 1940 verbis
866 1874 1123 1941 eireumteribere
1145 1882 1285 1958 oportet:
1308 1877 1405 1953 „Bra-
1447 1917 1451 1926 ·

283 1972 381 2049 sidas,
404 1973 459 2039 ubi
479 1991 531 2038 res
552 1971 812 2054 postulaverunt,
842 1991 908 2036 non
928 1971 1082 2039 indiserte
1103 1974 1190 2056 loqui
1212 1973 1327 2040 solitus
1350 1982 1405 2064 est,

284 2069 437 2136 Brasidas
451 2067 614 2150 versans,
638 2086 734 2133 wenn
756 2087 790 2133 es
813 2067 928 2134 darauf
940 2072 1072 2151 uuluam,
1095 2077 1151 2153 gut
1165 2091 1204 2135 uu
1218 2072 1406 2154 spreeheu.“

264 2167 438 2244 ΙΙαδιιὶίὶνί
465 2166 575 2233 aoristi
603 2165 766 2250 proprium
789 2174 838 2232 est
859 2167 902 2232 ad
924 2168 1101 2251 singularia
1121 2173 1283 2251 spectare,
1317 2189 1405 2255 prae

284 2265 460 2338 sentisad
493 2263 661 2346 generalia
687 2263 807 2329 referri.
851 2267 894 2329 At
922 2273 1054 2347 quaerat
1075 2267 1233 2349 quispiam
1254 2266 1404 2334 tortasse:

285 2361 454 2446 „Quonam
475 2369 569 2446 paeto
592 2360 635 2438 fit,
659 2366 694 2425 ut
709 2367 782 2444 post
804 2359 915 2441 καλόν,
940 2362 1078 2444 δίκαιον,
1103 2359 1231 2442 ἄδικον,
1254 2361 1402 2449 αἰσχρόν,

284 2472 446 2546 γενναῖον,
470 2457 616 2544 εὔλογον,
639 2455 809 2542 εὐπρεπές
831 2457 914 2538 ἐστι,
937 2460 1058 2528 similes
1073 2461 1231 2544 ejusmodi
1245 2461 1405 2545 formulas,

283 2559 398 2642 quibus
427 2559 574 2624 notionoe
601 2557 771 2640 generales
799 2557 965 2640 subjeetae
987 2565 1076 2641 sunt,
1099 2558 1275 2626 infinitivus
1297 2561 1405 2627 aurisii
1493 2627 1494 2630 ,

283 2655 490 2723 inveniatur?
526 2659 577 2722 Au
600 2675 665 2720 uon
687 2661 773 2720 reete
797 2654 1008 2720 Horatianum
1029 2656 1127 2721 illud:
1150 2659 1276 2739 „Dulee
1298 2665 1331 2724 et
1353 2659 1405 2724 de
1493 2693 1494 2700 ν

178 2829 179 2832 ¹
285 2774 393 2820 eorum
421 2761 470 2820 est
491 2773 549 2837 pro
571 2753 677 2836 patria
697 2751 800 2816 meri“
822 2771 939 2834 graeee
960 2753 1007 2818 siu
1028 2754 1109 2820 verti
1132 2756 1312 2821 existimas:
1342 2752 1403 2843 ἡδὺ

284 2853 342 2916 καὶ
364 2850 465 2916 καλὸν
487 2847 574 2933 ὑπὲρ
597 2856 656 2934 τῆς
677 2849 844 2934 πατρίδος
866 2846 1082 2916 duodenis?
1122 2853 1174 2916 Au
1193 2853 1300 2919 minus
1320 2859 1405 2920 reete

283 2955 378 3033 putas
399 2947 555 3014 Periclem
578 2948 691 3024 (Thue.
714 2947 756 3028 ΙΙ,
780 2951 832 3025 63,
856 2951 887 3022 2)
909 2947 1047 3014 dixisse:
1071 2945 1118 3027 ὡς
1139 2949 1321 3032 τυραννίδα
1343 2950 1404 3034 γὰρ

284 3042 348 3133 ἤδη
373 3044 465 3127 ἔχετε
488 3037 591 3130 αὐτὴν
614 3050 669 3122 (se.
684 3044 745 3130 τὴν
761 3039 887 3129 ἀρχὴν),
911 3041 951 3130 ἢν
967 3046 1083 3129 λαβεῖν
1098 3049 1160 3128 μὲν
1175 3043 1293 3114 ἄδικον
1311 3047 1406 3114 δοκεῖ

285 3139 382 3223 εἶναι,
406 3142 546 3227 ἀφεῖναι
562 3138 590 3206 δ’
607 3139 868 3208 ἐπικίνδυνανῖίῑ
898 3143 970 3208 Non
993 3163 1053 3227 ego
1075 3152 1168 3229 put03
1191 3146 1288 3210 immo
1310 3148 1407 3230 aptis·

285 3243 399 3308 simum
428 3241 480 3306 hie
502 3239 654 3305 aeristum
677 3258 748 3304 esse
769 3239 845 3304 seio.
889 3240 1017 3306 Etenim
1039 3241 1066 3307 si
1088 3242 1167 3308 dieis
1190 3241 1290 3308 καλόν
1314 3242 1405 3310 ἐστιν

284 3333 370 3423 ὑπὲρ
394 3343 455 3425 τῆς
477 3327 644 3422 πατρίδος
666 3333 868 3415 ἀποθανεῖν,
893 3343 999 3404 mente
1022 3337 1079 3403 tibi
1100 3335 1194 3422 fingis
1209 3340 1288 3406 nivis
1304 3329 1407 3426 eujus·

184 3483 186 3488 ,
287 3435 361 3500 dam
390 3455 452 3519 pro
485 3437 591 3519 patria
623 3440 788 3517 aeeeptam
820 3441 963 3518 mortem,
995 3443 1071 3501 ante
1101 3438 1209 3502 oeulos
1231 3438 1289 3502 tibi
1313 3441 1406 3522 ponis

285 3553 382 3599 uuum
405 3533 536 3617 aliquod
558 3532 653 3616 hujus
674 3534 720 3598 rei
737 3534 918 3616 exemplum
934 3539 966 3598 et
980 3532 1095 3598 laudas
1110 3534 1193 3599 hane
1206 3537 1406 3618 praeelarsm

286 3637 437 3711 mortem,
468 3631 526 3698 sed
558 3631 604 3696 ita
637 3629 766 3712 laudas,
799 3637 835 3696 ut
857 3631 1014 3711 omnibus,
1043 3631 1098 3713 qui
1118 3631 1200 3696 illud
1222 3637 1406 3718 exemplum

286 3736 468 3810 sequuntur,
491 3729 705 3796 reverentiam
728 3729 838 3795 deberi
860 3728 958 3793 dieas.
1004 3727 1069 3794 Ubi
1090 3727 1265 3795 infinitivus
1285 3732 1406 3812 aoristi,

286 3843 357 3890 eum
380 3826 516 3909 elonga
542 3826 625 3892 serie
653 3827 871 3910 exemplorum
893 3843 990 3890 unum
1014 3833 1118 3892 sumat
1140 3845 1198 3910 pre
1219 3827 1406 3910 omnibus⁷),

357 4041 377 4105 'q
395 4038 454 4094 Hae
471 4053 501 4093 re
519 4041 675 4105 commotus,
694 4033 797 4109 opiner,
815 4037 1406 4112 Bernhardyus(Wissenseheitliehesyntax
