2958 4868
452 443 494 499 De
512 443 624 499 diectasi
641 444 782 500 homerica.
1124 445 1183 508 165

81 615 227 696 spiciatur,
249 616 473 698 progressivae
493 615 713 698 productionis
733 618 858 684 nullum
873 623 980 684 exstat
1001 619 1185 702 exemplum

79 717 143 794 post
163 711 240 778 duas
267 713 393 778 litteras
415 714 597 794 continuas,
631 714 754 779 nullum
783 722 856 797 post
870 715 906 800 j,
940 722 1036 798 atque
1064 723 1137 799 post
1163 741 1185 782 r

79 827 191 890 quoque
211 829 273 875 non
297 810 475 893 quaelibet,
498 816 533 876 ut
554 816 631 876 ante
652 829 739 890 eam,
762 813 884 878 vocalis
905 812 1098 895 producitur,
1126 813 1186 880 sed

78 925 173 975 unao.
203 906 296 986 Quod
317 908 422 991 ipsum
444 908 538 972 nobis
552 907 696 986 indicare
718 909 853 990 videtur,
875 910 959 976 hanc
976 911 1184 976 mutationem

78 1023 132 1068 non
153 1005 263 1070 eadem
279 1007 404 1072 ratione
419 1025 491 1072 esse
507 1004 732 1088 explicandam
747 1015 844 1089 atque
864 1007 937 1073 illas
959 1007 1185 1090 productiones

77 1101 221 1166 vocalium
254 1108 331 1169 ante
362 1104 547 1188 positarum.
592 1125 640 1185 „co
670 1121 710 1170 ex
738 1126 778 1168 ro
807 1104 914 1187 prodit
946 1124 987 1170 ex
1016 1104 1183 1187 affinitate,

77 1217 130 1279 qua
150 1223 167 1262 o
189 1220 260 1265 oum
281 1225 304 1266 s
325 1201 536 1275 continetur,“
568 1201 601 1264 id
631 1200 716 1282 quod
744 1202 815 1286 ipse
836 1203 1037 1285 Bragmanus
1065 1203 1185 1287 optime

75 1295 222 1364 intellexit
254 1298 342 1376 (adn.
366 1303 429 1372 88).
480 1297 649 1364 Productio
682 1305 791 1366 autem
823 1300 1022 1384 suppletoria
1054 1301 1184 1368 omnino
1249 1365 1263 1388 ,

75 1413 130 1458 non
150 1397 269 1479 pendet
291 1416 331 1462 ex
352 1395 517 1479 affinitate,
541 1396 599 1462 sed
621 1419 642 1460 α
666 1419 681 1462 ε
706 1419 723 1461 o
748 1421 761 1460 ι
783 1419 801 1461 υ
825 1403 857 1463 et
878 1403 955 1464 ante
976 1422 997 1462 r
1020 1405 1051 1464 et
1072 1405 1148 1465 ante
1162 1399 1187 1482 j

75 1490 134 1558 sine
154 1494 219 1559 ullo
242 1493 426 1560 discrimine
449 1515 488 1561 ea
509 1493 698 1560 afficiuntur.
728 1493 842 1576 Neque
855 1493 953 1576 igitur
975 1495 1184 1578 productione

75 1591 166 1672 suppl.
190 1613 216 1654 ω
246 1590 280 1656 fit
303 1612 344 1658 ex
365 1616 423 1670 ro,
459 1592 518 1659 sed
546 1593 593 1658 ita
620 1593 742 1675 potius,
774 1599 810 1656 ut
831 1616 852 1658 s
880 1592 914 1657 in
943 1612 1056 1658 sonum
1078 1593 1184 1660 vocali

73 1685 195 1753 similem
225 1695 349 1756 mutata
376 1709 446 1756 oum
475 1697 630 1772 sequente
653 1713 670 1753 o
693 1690 727 1754 in
756 1710 853 1756 unam
880 1690 1011 1772 longam
1038 1691 1183 1756 vocalem

74 1785 220 1852 coalescat
254 1787 305 1866 (oi.
328 1788 420 1854 libel.
450 1788 491 1853 K.
517 1789 551 1852 Z.
574 1787 630 1868 IV,
657 1791 739 1862 166).
783 1786 849 1854 Sed
883 1786 1008 1854 etiamsi
1040 1807 1075 1854 re
1107 1807 1185 1854 vera

72 1883 225 1964 productio
254 1887 359 1970 suppl.
380 1886 440 1950 illa
466 1885 670 1969 progressiva
691 1884 898 1968 agnoscenda
926 1885 983 1966 sit,
1018 1905 1057 1951 ea
1085 1905 1183 1952 exre

73 1983 251 2049 concludere
271 2003 338 2050 non
360 1981 529 2066 debemus,
545 1983 586 2067 jo
609 2003 735 2066 quoque
755 1983 788 2048 in
812 2006 837 2046 ω
861 1983 914 2048 vel
928 1980 973 2066 js
994 1983 1029 2046 in
1051 1994 1072 2048 ᾱ
1093 1984 1184 2050 abire

73 2079 210 2158 potuisse.
256 2082 369 2162 Itaque
399 2082 496 2147 etiam
517 2082 636 2148 lormas
658 2081 862 2146 assimulatas
885 2075 1049 2164 ὁρόωντο,
1077 2076 1183 2168 ὁράᾳς

73 2175 270 2255 productione
292 2179 398 2260 suppl.
420 2179 492 2261 ipsa
513 2185 625 2260 atque,
659 2185 694 2244 ut
718 2179 764 2244 ita
787 2176 906 2260 dicam,
939 2176 1060 2244 directa
1082 2179 1182 2262 expli·

72 2290 134 2340 care
154 2297 219 2341 non
242 2275 326 2340 licet.

144 2371 217 2437 Jam
232 2391 310 2438 vero
332 2371 383 2438 his
405 2372 563 2438 absolutis
584 2373 627 2438 ad
648 2392 720 2438 mm
741 2370 967 2455 aggrediamur
988 2373 1181 2438 sententiam

71 2469 325 2557 examinandam,
349 2489 443 2552 quam
468 2468 627 2535 Curtius
649 2477 761 2553 postea
783 2468 930 2551 (,‚Stud.“
953 2469 1012 2548 ΙΙΙ,
1037 2472 1098 2534 398
1121 2475 1181 2552 sq.)

71 2569 234 2650 proposuit.
265 2567 328 2633 Ubi
343 2567 479 2650 priorem
496 2568 640 2632 vocalem
655 2567 804 2648 ubique
819 2567 869 2630 ab
882 2566 1005 2630 initio
1028 2566 1180 2650 spirantis

70 2663 96 2726 vi
116 2665 351 2748 productam
374 2683 445 2730 esse
467 2672 564 2746 ratus,
588 2664 829 2748 productionem
852 2664 1036 2746 posterioris
1058 2665 1180 2732 vocalis

71 2765 223 2846 explicare
251 2763 374 2828 studuit
401 2764 727 2846 transpositione
756 2760 1019 2843 quantitatis;
1057 2781 1120 2844 qna
1147 2762 1181 2826 in

70 2879 187 2926 recum
210 2861 353 2942 sequitur
374 2861 575 2943 Brugmanus
596 2861 618 2924 l.
641 2877 667 2924 c.
694 2861 752 2925 183
775 2877 822 2939 sq.

144 2959 296 3024 Nostrum
319 2963 425 3022 autem
449 2958 523 3037 erit,
559 2977 621 3038 quo
650 2956 691 3022 de
715 2955 772 3020 illa
795 2955 1009 3037 explicatione
1033 2955 1181 3038 judicare

69 3055 232 3137 possimus,
264 3061 296 3120 et
317 3056 351 3119 in
372 3057 555 3120 universam
578 3053 835 3137 transpositionis
855 3052 943 3118 illius
964 3059 1111 3118 naturam
1134 3054 1181 3118 in·

70 3154 182 3232 quirere
206 3161 238 3220 et
260 3153 422 3232 terminos,
446 3152 562 3234 quibus
583 3151 625 3217 sit
646 3149 935 3217 circumscribenda
956 3151 1015 3214 illa
1036 3151 1179 3229 mutatio,

70 3253 216 3334 exemplis
239 3250 382 3316 collectis
405 3247 545 3340 definire.
659 3287 663 3300 »

144 3350 263 3431 Magna
284 3347 326 3413 de
348 3351 416 3411 tota
438 3347 710 3428 hecquaestione
733 3355 782 3414 est
803 3347 961 3414 dissensio
989 3347 1073 3410 inter·
1095 3345 1180 3411 viros

69 3441 179 3511 doctos.
217 3446 282 3512 Alii
303 3445 420 3510 factam
444 3464 516 3511 esse
537 3443 724 3526 quantitatis
745 3444 1028 3528 transpositionem
1050 3443 1180 3506 omnino

70 3553 194 3626 negant,
239 3543 295 3608 alii
333 3561 444 3608 omnes
480 3542 609 3606 vocales
645 3559 685 3606 ea
720 3541 803 3608 affici
839 3561 935 3625 posse
971 3539 1177 3606 contendunt.

69 3637 183 3708 Primus
221 3641 487 3706 Buttmannus
523 3659 570 3722 gr.
605 3659 653 3721 gr.
688 3641 769 3717 §27
799 3638 875 3704 adn.
905 3642 943 3702 21
985 3634 1178 3721 Ἀτρεὶὄεω,

69 3733 173 3814 ἵλεως,
210 3731 379 3821 βασιλέως
416 3737 602 3820 quantitatis
634 3736 883 3819 transpositione
910 3729 960 3802 'ex
996 3731 1178 3819 Ἀτρείδᾶο,

69 3831 168 3914 ilaec,
191 3837 355 3922 βασιλῆος
384 3843 453 3900 orta
475 3853 546 3901 esse
575 3832 697 3916 docuit3
730 3852 824 3915 quem
847 3852 957 3898 omnes
978 3832 1177 3916 grammatici

70 3934 159 3997 secuti
181 3943 254 4000 sunt
275 3941 375 4016 uisque
397 3932 439 3998 ad
462 3933 657 3999 libellum.
701 3930 734 3996 Is
755 3950 831 4022 vero
854 3932 893 3996 K.
916 3931 951 3995 Z.
974 3930 1029 4012 IV,
1055 3935 1115 3996 tvo
1130 3949 1177 4012 sq.

70 4027 109 4093 ita
134 4031 291 4114 duplicem
320 4033 448 4097 illarum
477 4051 591 4096 vocum
619 4029 841 4096 formationem
870 4028 1059 4111 explicavit,
1096 4034 1131 4092 ut
1159 4046 1177 4092 e
