2958 4868
273 427 334 488 124
774 430 884 486 Fritseb

271 600 345 668 Jam
368 601 453 668 enim
474 601 601 668 Ahrens
630 601 673 678 (d.
697 601 728 668 d.
750 602 790 684 ΙΙ,
814 605 892 680 212,
922 603 960 668 ci.
983 603 1055 688 Hey
1077 602 1108 668 d
1132 601 1214 668 dial:
1236 609 1309 669 cret.
1333 606 1383 678 24)

270 699 430 766 intellexit
455 699 489 764 in
518 699 642 766 creticis
668 699 779 766 formis
805 701 974 766 verbcmm
999 701 1034 766 in
1063 725 1107 765 εω
1137 723 1174 766 so
1201 700 1237 764 in
1267 723 1294 764 ω
1315 719 1385 766 ccu-

271 797 364 879 555),
387 796 443 862 ubi
464 796 592 880 syllaba
614 797 718 862 vocali
741 798 949 874 clauderetur,
974 800 1062 864 utin
1084 795 1290 882 ὠνω-μένος,
1312 798 1346 862 in
1367 821 1383 862 o

271 901 378 961 autem
400 895 523 976 mutari,
546 894 601 959 ubi
622 893 752 978 syllaba
773 895 806 959 in
828 915 1001 962 consonam
1025 895 1196 976 desineret,
1220 901 1254 960 ut
1275 895 1311 958 in
1332 919 1386 960 κο-

273 989 423 1074 σμόντες.
467 993 509 1056 Ε)
530 991 564 1056 in
587 991 700 1058 eodem
723 992 851 1074 quidem
872 995 965 1060 titulo
991 993 1036 1072 (G.
1060 995 1084 1060 I.
1109 998 1203 1072 2556)
1232 992 1386 1060 babemus

271 1085 467 1171 ὥνωμένους
490 1095 523 1154 5)
544 1087 732 1174 aperturae,
755 1089 940 1170 πωλόντας,
964 1089 1161 1174 acepsimas,
1185 1089 1230 1165 (G.
1250 1087 1276 1152 Ι.
1294 1093 1386 1165 2557)

273 1183 519 1271 εὖχαριστῶμες
536 1192 567 1252 5)
584 1185 811 1265 συντελόντας.
844 1189 970 1272 Ubique
985 1189 1081 1272 igitur
1095 1212 1131 1254 eo
1153 1189 1187 1254 in
1202 1212 1228 1252 ω
1245 1190 1387 1256 contrahi

272 1283 465 1350 censendum
489 1290 553 1364 est,
581 1283 666 1366 quod
694 1293 840 1350 servatur
866 1287 921 1351 ubi
943 1287 1063 1352 vocalis
1085 1286 1246 1371 syllabam
1270 1289 1388 1353 claudit

272 1377 512 1464 (ὠνω-μένους,
543 1377 835 1476 εὐχαριστῶ-μες),
864 1390 940 1450 ante
968 1408 1005 1448 rc
1032 1390 1140 1450 autem
1165 1385 1337 1468 corripitur
1356 1386 1388 1452 in

270 1503 299 1556 0,
321 1485 356 1544 5)
369 1479 404 1544 in
418 1476 599 1561 spurciores
620 1499 881 1564 prospectantes
903 1488 962 1547 55).
991 1481 1144 1548 Fortasse
1158 1481 1273 1550 eodem
1295 1483 1389 1549 modo

270 1577 391 1642 formae
405 1575 1132 1665 555551155155κοψόντι,ἒπιμελησόνταιοθ)
1148 1599 1189 1645 ex
1199 1577 1389 1663 *nostraene

270 1673 568 1760 *ἐπιμελησωνται
583 1681 672 1739 ortae
687 1682 771 1752 sunt,
782 1675 942 1760 inquibus
956 1677 1084 1742 Meister
1099 1680 1109 1752 i
1111 1676 1310 1761 „stud.“lv,
1318 1683 1389 1756 430)

272 1798 284 1838 ι
306 1773 358 1838 vel
374 1772 398 1856 j
418 1770 709 1854 evanuisse'putat.
1220 1821 1223 1827 f

356 1869 500 1936 Creticae
535 1870 656 1934 formae
692 1877 799 1935 autem
835 1871 966 1936 τελέται
1002 1871 1053 1950 (cf.
1076 1872 1151 1936 Abr.
1180 1870 1228 1948 II,
1252 1875 1331 1952 202)
1361 1879 1390 1938 et

272 1967 494 2034 συντελέσθαι
524 1965 575 2050 (cf.
598 1967 670 2050 Hey
692 1967 713 2032 l.
736 1987 763 2032 5.
787 1967 858 2051 23),
888 1988 958 2034 555
986 1970 1020 2034 in
1042 1970 1115 2034 aliis
1142 1967 1252 2034 formis
1275 1969 1388 2036 doricis

271 2089 305 2130 es
333 2084 460 2148 semper
488 2065 522 2130 in
544 2089 563 2150 η
587 2065 640 2129 vel
664 2088 693 2129 ει
722 2065 941 2147 contrahatur,
973 2085 1043 2132 eum
1065 2067 1224 2132 Abrensio
1253 2088 1322 2132 non
1350 2067 1389 2134 ad

269 2163 401 2228 verbnm
415 2163 582 2244 τελέσμαι,
605 2161 663 2228 sed
678 2161 722 2226 ad
735 2163 875 2244 τέλομαι
888 2163 1090 2230 revocandae
1111 2172 1201 2246 sunt;
1224 2183 1388 2249 compares

195 2263 204 2278 “
270 2260 420 2343 μάχομαι
442 2268 474 2326 5)
495 2257 663 2342 progenitae
690 2261 738 2332 (oi.
763 2259 926 2342 ‚,Grdz.“³
948 2264 1032 2334 305).

356 2359 525 2441 Agendum
547 2376 633 2422 nunc
656 2363 704 2423 est
727 2358 768 2424 de
789 2356 945 2422 infinitivo
968 2378 1072 2441 praes.
1096 2366 1127 2426 et
1147 2380 1214 2426 acr.
1236 2363 1349 2428 activi.

358 2455 538 2522 infinitivus
559 2474 663 2539 praes.
686 2461 747 2520 act.
764 2455 933 2520 verborum
955 2456 989 2520 in
1012 2480 1038 2520 ω
1060 2457 1218 2540 triplicem
1240 2462 1389 2526 termina·

270 2557 389 2621 tionem
418 2554 516 2620 habet
543 2555 577 2640 in
599 2552 696 2618 variis
725 2551 871 2618 dialectis
900 2553 1015 2619 doricis
1048 2551 1102 2637 (cf.
1123 2553 1200 2620 Ahr.
1223 2555 1272 2638 11,
1298 2557 1386 2642 303):

271 2679 320 2740 ην,
354 2677 399 2729 εν,
434 2673 499 2735 ειν;
545 2659 576 2717 5)
605 2675 639 2716 εν
669 2649 796 2731 quidem
824 2650 911 2734 apud
936 2652 1095 2734 ltalictas,
1130 2651 1301 2720 Cretenses
1340 2655 1387 2732 (ci.
1470 2733 1471 2740 ἵ

269 2754 342 2836 Hey
363 2752 384 2815 l.
408 2770 434 2814 e.
458 2752 527 2830 23),
560 2747 754 2829 antiquiores
776 2748 935 2830 Delphos,
965 2749 1129 2815 Theraeos
1157 2757 1190 2816 et
1217 2751 1252 2816 in
1282 2753 1387 2820 verbis
1470 2745 1471 2760 *

269 2852 304 2917 in
327 2873 353 2913 ω
377 2849 463 2914 etin
485 2846 593 2912 verbis
615 2845 784 2910 contractis
813 2845 864 2918 (ci.
886 2846 965 2910 Ahr.
987 2848 1029 2928 11,
1056 2851 1127 2916 177)
1158 2849 1192 2912 in
1219 2869 1281 2914 usu
1311 2857 1385 2915 erat.

271 2949 374 3030 Vulgo
398 2971 436 3032 ην
460 2950 492 3010 5)
515 2967 564 3007 ειν
588 2963 628 3006 ex
651 2966 704 3006 εεν
734 2948 911 3023 contracta,
943 2967 977 3008 εν
1001 2963 1041 3010 ex
1064 2969 1117 3010 εεν
1139 2946 1271 3011 alterius
1296 2971 1312 3012 ε
1336 2947 1386 3012 eli-

270 3047 359 3111 sione
382 3051 484 3110 ortum
506 3061 577 3108 esse
599 3039 832 3106 existimantur.
876 3040 942 3106 Sed
957 3043 1114 3124 quomodo
1129 3041 1197 3109 fieri
1218 3045 1324 3126 potnit
1345 3050 1384 3124 ut,

269 3143 296 3210 si
318 3141 478 3223 antiquior
500 3141 609 3220 forma
623 3137 856 3228 terminationis
878 3146 946 3204 erat
967 3163 1037 3220 sev,
1070 3160 1112 3206 ne
1133 3142 1235 3205 ullum
1257 3142 1385 3224 quidem

271 3241 451 3322 exemplum
467 3234 620 3319 plenioris
636 3233 757 3299 formae
771 3243 959 3314 servaretur,
979 3257 1169 3319 quamquam
1183 3259 1241 3321 pro
1256 3243 1385 3324 Πριαν-

271 3342 358 3418 σιές,
382 3355 515 3418 quocum
537 3351 663 3416 semper
678 3337 790 3416 mepta
812 3339 871 3398 cet.
894 3342 1103 3417 comparatur,
1125 3341 1332 3415 Πριανσιέες
1353 3335 1383 3400 in

270 3435 383 3502 eodem
406 3433 498 3498 titulo
521 3429 637 3512 legitur
659 3435 691 3493 et
714 3430 800 3494 haud
822 3450 944 3513 paucae
972 3431 1120 3496 infinitivi
1141 3433 1262 3498 formae
1285 3435 1320 3498 in
1341 3433 1383 3496 in·

270 3531 495 3615 scriptionibus
532 3527 756 3610 reperiuntur?
813 3529 895 3592 Tum
928 3530 998 3611 quis
1030 3536 1079 3595 est
1114 3531 1168 3612 qui
1203 3531 1382 3614 analogiam

1471 487 1473 568 l

269 3629 398 3710 afferat,
432 3629 466 3692 in
489 3647 552 3710 qua
580 3625 663 3690 duae
685 3625 813 3692 vocales
834 3625 942 3690 media
963 3626 997 3690 in
1018 3646 1096 3692 voce
1119 3627 1218 3694 elisae
1240 3628 1321 3710 sint,
1350 3631 1381 3692 ιι)
1467 3669 1468 3682 ,

269 3725 303 3790 in
331 3730 429 3790 ποιέν
459 3747 516 3809 pro
539 3722 725 3788 *55555557
768 3721 924 3788 Videntur
953 3723 1059 3806 potius
1087 3725 1149 3791 hae
1177 3725 1298 3790 formae
1319 3723 1380 3788 alic

269 3823 365 3888 modo
395 3830 483 3888 ortae
513 3841 592 3889 esse.
638 3820 681 3886 Ut
710 3820 849 3885 enimet
877 3843 951 3884 αντι
973 3829 1005 3886 5)
1034 3845 1098 3904 ver,
1128 3823 1223 3888 modo
1253 3826 1378 3900 α(ν)ται,

270 3917 393 4000 ambo,
430 3919 525 3986 modo
554 3943 643 3997 νται,
678 3942 733 3982 nuo
770 3925 961 4000 usurpantur
989 3917 1032 3983 ad
1059 3921 1185 3986 tertiam
1214 3937 1379 4003 personam
1466 3959 1467 3978 2

270 4017 403 4100 pluralis
425 4019 548 4084 numeri
563 4015 815 4098 significandam,
838 4015 884 4080 sic
898 4037 963 4083 non
978 4019 1092 4084 mirum
1107 4025 1164 4100 est,
1187 4018 1272 4100 qnod
1288 4017 1377 4084 etiam
