3020 4866
334 415 376 471 De
392 415 515 471 infinitivi
533 421 683 489 temporum
701 393 753 474 usu
771 393 955 492 Thucydideo.
1030 451 1033 458 ⁴
1167 421 1205 482 35

173 585 358 654 διδάσκω
390 586 548 671 (suadeo).
591 589 772 659 infinitivus
805 593 999 681 praesentis:
1031 594 1056 675 Ι,
1089 597 1158 674 136,
1188 599 1207 660 2

94 683 303 763 καθέζεσθαι
326 682 386 752 ἐπὶ
408 683 468 773 τὴν
491 685 617 754 ἑστίαν.
644 688 698 769 Ν,
722 692 773 770 46,
798 693 815 754 3
841 687 1037 771 διδάξαντες
1060 684 1106 766 ὡς
1129 687 1205 755 κατ’

92 779 217 848 εὔνοιαν
249 781 288 870 δὴ
312 782 431 867 λέγειν.
460 783 529 865 VII,
561 787 609 866 18,
634 789 653 848 2
676 785 831 866 τειχίζειν
853 786 974 875 καὶμὴ
998 783 1128 853 ἀνιέναι
1149 785 1207 854 τὸν

92 876 243 960 πόλεμον.
294 879 474 948 Infinitivus
502 881 627 946 aoristi:
663 883 717 964 Ν,
754 887 803 965 83,
835 887 853 948 2
882 883 927 973 μὴ
957 881 1131 965 ὑπεξελεῖν
1158 891 1206 972 τῴ

90 975 258 1062 Περδίκκᾳ
290 975 331 1042 τὰ
366 975 469 1042 δεινά.
507 978 593 1060 VIII,
629 985 679 1062 45,
714 983 732 1045 3
771 977 853 1057 nigra
883 994 1011 1048 πεῖσαι.
1042 977 1066 1064 I,
1095 986 1206 1064 120,2

92 1071 201 1158 διδαχὴ
227 1111 269 1120 -
294 1071 376 1150 ὥςτε
401 1076 466 1160 qo).
482 1073 630 1156 ’ξασθαι

166 1169 352 1255 μάθοιτε
377 1174 567 1254 (sequamini
589 1196 648 1240 nos
671 1173 855 1258 suadentes,
879 1177 958 1242 lasst
981 1175 1060 1242 euch
1075 1175 1204 1263 rathen)

89 1268 128 1356 μὴ
150 1275 329 1354 προέσθαι
352 1263 440 1358 ἡμᾶς
462 1271 486 1353 l,
511 1276 561 1354 36,
586 1277 615 1338 3.

166 1368 296 1449 Restat,
332 1375 366 1432 ut
394 1368 476 1434 illud
498 1375 650 1453 πέμψαι,
675 1370 760 1452 quod
782 1372 886 1438 estin
908 1391 1054 1438 sermone
1077 1372 1205 1454 obliquo

90 1465 138 1546 IV,
162 1471 211 1548 50,
229 1469 259 1543 3,
286 1464 429 1548 duosque
450 1465 635 1549 infinitivus,
660 1467 713 1550 qui
735 1468 916 1551 imperativi
939 1467 1205 1552 significationem

88 1563 211 1644 habent,
242 1563 432 1630 afferamus:
466 1565 502 1637 V,
528 1567 556 1645 9,
581 1571 599 1628 5
630 1563 669 1630 σύ
701 1564 736 1630 δὲ
760 1566 931 1650 Κλεαρίόα
961 1564 1125 1632 ἐπεκθεῖν
1149 1568 1205 1634 καὶ

89 1658 289 1744 ἐπείγεσθαι
311 1668 343 1725 et
364 1661 417 1744 VI,
442 1665 492 1744 34,
516 1665 535 1726 8
557 1668 771 1748 παραστῆναι
794 1669 906 1730 παντί.
1064 1731 1067 1736 ,

166 1757 303 1824 Collatis
326 1759 473 1824 omnihus
496 1759 668 1843 exempliS,
693 1781 775 1843 quae
798 1782 868 1828 cum
891 1762 973 1844 lege,
996 1761 1030 1826 in
1053 1781 1116 1843 qua
1137 1780 1206 1827 rer·

89 1877 202 1939 samur,
227 1862 422 1938 congruunt,
447 1857 473 1922 si
491 1856 561 1940 jam
584 1858 626 1924 ad
649 1877 688 1924 ea
710 1859 907 1942 accedimus,
937 1878 1019 1941 quae
1041 1858 1070 1922 ei
1092 1877 1205 1942 repug-

88 1961 167 2034 nant,
183 1953 326 2020 maxime
341 1973 505 2018 movemur
518 1955 691 2021 insolentia
707 1957 869 2039 loquendi,
886 1976 969 2040 quae
984 1963 1032 2022 est
1047 1954 1100 2038 VI,
1119 1960 1168 2036 57,
1185 1959 1205 2020 1

89 2049 261 2134 ἐβούλοντο
284 2087 327 2096 -
348 2048 688 2138 προτιμωρήσείνθαι.
734 2055 844 2140 Poppo
877 2053 1005 2138 quidem
1039 2053 1071 2117 iu
1106 2073 1204 2118 anno·

88 2150 199 2216 tatione
232 2149 395 2232 acquievit
427 2149 461 2214 in
493 2150 613 2232 futuro,
649 2151 734 2234 quod
768 2171 838 2218 cum
870 2149 1060 2237 βούλεσθαι
1091 2151 1204 2216 iterum

88 2252 291 2330 cap.101,4
324 2246 528 2330 conjunctum
562 2267 632 2314 erse
666 2248 758 2332 dicit,
792 2249 850 2316 sed
882 2249 943 2315 hoc
976 2249 1046 2316 loco
1080 2249 1149 2332 ipse
1171 2255 1207 2314 ut

89 2364 190 2412 omues
230 2343 371 2411 editores
404 2339 594 2428 optimorum
629 2345 773 2412 codicum
807 2345 1014 2430 scripturam,
1051 2347 1204 2414 aoristum

88 2435 363 2530 ἀποκλῄσασθαι,
394 2441 563 2525 adoptavit
585 2462 686 2524 eoque
708 2443 879 2524 concessit,
907 2443 1043 2510 futurum
1067 2443 1203 2510 hicnon

88 2538 198 2606 hahere
219 2541 337 2606 locum.
382 2542 424 2606 ut
452 2559 524 2606 mea
553 2539 681 2621 quidem
710 2539 870 2606 sententia
892 2540 946 2622 VI,
970 2545 1021 2623 57,
1045 2545 1063 2603 2
1085 2541 1205 2623 pariter

88 2643 129 2703 est
149 2637 334 2704 delendum.
380 2636 472 2702 Certe
494 2643 618 2704 veteres
650 2636 848 2720 grammatici
878 2637 982 2715 (sicuti
1003 2637 1205 2721 Phrynichus

88 2753 152 2817 pag.
177 2739 238 2800 336
270 2733 320 2800 ed.
349 2734 578 2800 Lobeckianae
607 2741 638 2800 et
661 2736 803 2800 Thomas
832 2733 984 2818 Magister
1013 2754 1086 2818 pag.
1110 2737 1160 2816 68,
1184 2740 1203 2800 4

88 2832 131 2898 ed.
151 2829 407 2918 Bitschelianae)
431 2829 596 2916 βούλομαι
614 2832 717 2898 verbo
746 2831 936 2898 infinitivum
959 2831 1053 2896 futuri
1076 2833 1203 2897 annecti

88 2936 198 2996 vetant.
229 2929 436 3012 Quamquam.
453 2927 693 2994 concedendum
715 2937 773 3010 est,
797 2936 921 2996 veteres
935 2929 1010 2995 illos
1025 2929 1203 3012 magistros,
1251 2939 1283 2990 ,⁸

91 3029 158 3109 „qui
192 3027 302 3094 omnia
336 3025 471 3092 mallent
506 3026 549 3092 ad
578 3027 847 3110 perpendiculum
878 3025 1038 3107 directa“,
1075 3026 1204 3110 saepius

89 3142 169 3188 usum
191 3123 344 3208 loquendi
368 3125 555 3208 scriptorum
578 3124 681 3206 magis
695 3123 738 3189 ad
751 3123 916 3188 arbitrium
933 3122 1094 3190 definiisse
1109 3143 1204 3206 quam

89 3219 251 3304 diligenter
271 3220 455 3306 indagasse,
477 3221 511 3286 in
534 3241 595 3303 quo
619 3220 868 3288 demonstrando
890 3221 1071 3288 Lobeckius
1093 3222 1127 3286 in
1149 3241 1202 3286 an-

90 3319 299 3386 notationibus
328 3319 371 3386 ad
394 3319 570 3404 Phrynichi
591 3320 706 3384 librum
730 3338 803 3402 pag.
827 3321 889 3382 746
909 3338 979 3401 sqq.
1003 3319 1121 3384 multus
1144 3325 1201 3402 est,

89 3433 251 3484 careamus
284 3424 408 3495 tamen,
446 3437 488 3482 ne
521 3437 591 3482 oum
621 3417 786 3482 inutilibus
813 3415 993 3498 praeceptis
1021 3414 1203 3498 rejiciamus

90 3513 172 3578 utilia
207 3535 291 3580 neve
329 3515 471 3580 dicamus
504 3511 575 3580 fixis
613 3514 758 3580 terminis
794 3511 1020 3578 infinitivorum
1057 3519 1203 3597 tempora

92 3627 206 3678 carere:
229 3631 305 3676 nam
327 3610 503 3676 infinitivus
526 3611 623 3676 futuri
638 3633 658 3677 a
673 3611 853 3694 praesentis
870 3616 901 3675 et
916 3608 1026 3676 coristi
1043 3603 1201 3674 infinitivo

91 3707 266 3776 certissimis
294 3709 449 3774 limitibus
479 3707 666 3791 sejungitur.
709 3707 836 3772 Etenim
859 3706 913 3771 ubi
934 3704 1110 3772 infinitivus
1131 3727 1202 3791 pro-

92 3803 218 3882 positum
249 3826 311 3888 quo
345 3806 415 3888 quis
444 3804 548 3872 tendit
568 3804 707 3888 indicat,
735 3809 888 3884 nonest,
918 3823 973 3868 cnr
994 3801 1089 3868 futuri
1113 3805 1201 3871 notio

93 3898 241 3966 offeratur.
280 3901 498 3968 Foedissimus
521 3923 600 3968 sane
623 3901 774 3968 evaderet
795 3900 1010 3984 pleonasmus,
1034 3901 1061 3966 si
1084 3900 1202 3968 dicere-

91 4013 153 4063 mus
173 3995 337 4083 βούλομαι
360 3999 518 4086 ποιήσειν
535 4006 576 4082 et,
600 3999 683 4084 quod
699 3999 803 4084 majus
819 4004 876 4080 est,
899 3997 1063 4080 alinguae
1078 3999 1201 4066 ratione

959 4098 996 4151 3*
