3020 4866
272 423 315 484 52
754 423 921 478 Forssmsnn

273 595 432 681 andern,“
454 595 540 680 quod
560 595 726 680 aptissimo
749 595 898 678 exemplo
918 594 1073 675 illustrat,
1096 613 1168 660 eum
1190 613 1266 678 pag.
1289 599 1329 658 41
1353 593 1397 660 sie
1492 593 1493 670 J

273 697 394 782 pergit:
417 693 588 777 „DeutIieh
609 694 678 760 tritt
698 692 781 760 anoh
802 689 1061 774 Xen.0yrop.1,
1084 697 1114 773 4,
1141 697 1179 757 10
1201 693 1235 757 in
1257 690 1297 758 οὐ
1320 697 1398 774 μέν·

272 820 328 860 τοι
351 794 472 874 δέομαί
493 814 529 874 γε
551 788 678 856 τούτων
701 788 849 871 οὐδενός,
876 785 960 866 ὥςτε
984 791 1021 854 σὲ
1045 787 1249 856 κινδυνεύειν
1272 790 1396 870 hervet,
1492 789 1493 870 ,

274 894 350 960 dass
373 891 430 956 der
450 890 485 954 in
507 885 590 966 ὥςτε
606 889 665 954 mit
680 887 754 954 dem
768 887 910 954 Infinitiv
925 886 1113 954 entheltene
1128 889 1289 956 Gedanke
1311 892 1398 958 nieht
1492 873 1493 898 ³

274 987 486 1073 Gegenstand
507 987 596 1052 einer
617 988 763 1070 Aussage
789 987 831 1052 ist
858 985 937 1052 oder
959 983 1150 1070 Bedeutrng
1171 987 1221 1052 ittr
1241 988 1311 1054 sieh
1334 990 1397 1071 hat,

274 1087 415 1155 sondern
436 1085 487 1151 ais
509 1083 814 1166 Gradbestimmung
835 1082 885 1148 fiir
912 1083 972 1148 das
993 1103 1302 1168 vorausgegangene
1324 1089 1399 1154 Prai-
1492 1119 1493 1124 ν

276 1185 364 1250 dieat
387 1181 509 1248 dient.“
532 1181 587 1264 (of.
609 1181 692 1246 Plat.
714 1181 809 1266 Apol.
832 1201 907 1263 pag.
931 1179 1013 1246 370
1036 1179 1067 1245 εἰ
1090 1177 1197 1258 οὕτως
1219 1179 1399 1267 ἀλόγισνός
1492 1183 1493 1196 ’

275 1281 347 1363 εἰμι
368 1277 452 1357 citare
474 1277 519 1363 μὴ
540 1276 711 1344 δύνασθαι
732 1277 941 1362 λογίζεσθαι,
965 1297 1061 1344 wenn
1075 1279 1128 1344 ioh
1143 1281 1400 1367 sehwoehsinnig

273 1381 331 1445 bin
364 1379 414 1444 bis
441 1397 497 1442 zur
524 1375 736 1458 Uniahigkeit
762 1397 802 1440 nu
830 1373 986 1458 denken.)
1040 1376 1130 1456 Quae
1158 1397 1229 1443 eum
1256 1379 1305 1446 ita
1326 1381 1398 1460 sint,

274 1475 484 1562 primigenius
519 1473 577 1538 ille
616 1471 793 1539 infinitivus
823 1492 895 1538 eum
928 1469 1011 1550 ὥςτε
1048 1476 1238 1558 eonjunetus
1273 1484 1398 1562 tempus

274 1593 406 1659 prorsus
427 1593 494 1638 non
514 1569 694 1651 indioabat,
728 1571 787 1636 sed
813 1590 914 1653 geum
936 1571 1040 1637 solum
1061 1573 1206 1638 aetionis.
1249 1574 1398 1640 Attamen

242 1695 244 1701 ¹
274 1692 365 1752 eave,
388 1689 431 1734 ne
449 1669 633 1752 primariam
656 1667 752 1750 hujus
773 1669 942 1734 loeutionis
955 1669 1021 1734 rim
1043 1669 1243 1736 immutatam
1265 1679 1298 1738 et
1318 1671 1399 1738 inte-

274 1789 366 1852 gram
398 1786 456 1850 per
488 1767 597 1832 omnia
624 1767 754 1832 saeeula
780 1765 815 1830 in
843 1766 954 1848 lingua
981 1786 1099 1848 graeea
1125 1768 1187 1834 sibi
1220 1770 1398 1836 constitisse

275 1873 379 1950 putes.
423 1865 507 1930 Nam
530 1883 601 1930 oum
624 1863 739 1930 Graeci
764 1859 942 1946 pestifere
965 1863 1223 1946 eonjunotionem
1245 1873 1277 1932 et
1298 1867 1400 1934 infini-

274 1965 377 2028 tivum
400 1969 432 2028 et
453 1963 586 2028 verbum
613 1959 737 2026 finitum
764 1965 923 2044 ponerent
950 1962 1201 2046 saepissimeque
1228 1963 1334 2046 fieret,
1367 1973 1400 2032 ut

276 2060 392 2126 eadem
414 2059 576 2126 sententia
597 2060 762 2142 utriusque
783 2063 959 2124 struoturae
981 2059 1148 2142 evaderet,
1177 2061 1254 2143 quid
1275 2064 1399 2143 mirum,

276 2157 364 2240 quod
385 2155 565 2240 promisoue
586 2155 703 2222 ambae
724 2156 975 2222 construetiones
996 2156 1145 2223 adhiberi
1171 2165 1306 2242 ooeptae
1329 2169 1401 2227 sunt

276 2261 310 2321 et
330 2253 506 2319 infinitivus
528 2254 632 2335 magis
653 2253 818 2336 magisque
833 2253 925 2336 quasi
939 2253 1107 2319 indioativi
1121 2256 1260 2322 vioarius
1281 2257 1401 2325 fiebat?

277 2351 441 2435 Optimum
464 2369 540 2416 vero
562 2356 785 2433 argumentum
806 2351 885 2416 mihi
907 2346 946 2414 ἄν
972 2352 1130 2433 partieula
1150 2352 1308 2420 infinitivo
1331 2375 1401 2423 eum

277 2448 362 2526 ὥςτε
391 2447 505 2514 addita
525 2447 718 2532 suppeditat.
763 2449 848 2514 Nam
876 2449 937 2514 etsi
964 2454 1087 2516 eeteros
1114 2449 1304 2536 infinitivos,
1339 2455 1401 2537 qni,

277 2556 312 2612 ut
334 2547 431 2629 vulgo
453 2545 579 2624 dieitur,
601 2545 643 2612 ab
666 2541 749 2622 ὥςτε
773 2545 926 2628 pendent,
948 2545 1016 2612 fere
1038 2565 1149 2612 omnes
1171 2567 1209 2614 eo
1231 2551 1328 2616 modo
1351 2572 1402 2618 ex-

277 2645 399 2728 plieare
421 2650 523 2727 potes,
547 2663 609 2726 quo
632 2643 701 2708 vult
715 2643 966 2724 Baeumloinius,
990 2644 1059 2726 hos,
1082 2645 1197 2727 quibus
1211 2648 1338 2714 aeeedit
1352 2646 1401 2730 iio,

277 2763 343 2806 non
371 2761 540 2826 possumus
567 2761 634 2804 non
661 2739 838 2806 ooneedere
866 2759 904 2806 eo
933 2747 1019 2810 ortos
1047 2760 1133 2825 esse,
1171 2744 1258 2826 qnod
1287 2745 1403 2812 Graeci
1492 2777 1493 2784 ν

277 2839 503 2908 consueverint
525 2833 608 2914 ὥςτε
631 2837 808 2920 particulae
830 2837 920 2902 verbi
949 2837 1029 2904 finiti
1056 2839 1127 2904 loeo
1158 2841 1338 2925 adjungere
1359 2845 1403 2910 in·

278 2937 446 3012 finitivum.
477 2933 638 3018 Equidem
654 2933 734 3000 duos
756 2935 883 3010 looos¹¹)
907 2935 1146 3021 Thucydideos,
1169 2941 1223 3022 qni
1245 2943 1404 3024 praebent

277 3033 360 3100 illud
381 3029 432 3111 ἄν,
455 3033 550 3098 aliter
563 3031 717 3114 expedire
737 3050 876 3112 nequeo:
899 3033 942 3112 ΙΙ,
958 3037 1009 3115 49,
1027 3038 1045 3100 3
1067 3034 1162 3102 τὰδὲ
1179 3035 1275 3114 ἐντὸς
1297 3035 1403 3116 οὕτως

278 3128 405 3213 ἐκάετο,
422 3127 506 3206 ὥςτε
521 3125 858 3215 μήτε-ἀνέχεσθαι,
874 3127 996 3213 ἥδιστά
1011 3156 1047 3198 τε
1064 3128 1104 3198 ἂν
1119 3132 1156 3210 ἐς
1171 3133 1261 3218 ὕδωρ
1274 3133 1403 3222 ψυχρὸν

280 3235 372 3316 σφᾶς
395 3224 517 3303 αὐτοὺς
540 3227 683 3314 ῥίπτειν,
706 3233 741 3290 ut
755 3243 860 3307 neque
875 3263 917 3272 —
931 3230 1124 3296 sustinerent
1138 3238 1172 3296 et
1192 3232 1404 3299 libentissime

278 3329 312 3392 in
335 3345 436 3408 aquas
457 3324 583 3408 gelidas
606 3344 641 3390 se
670 3323 874 3406 eonjioerent.
920 3325 998 3407 VII,
1022 3331 1078 3409 42,
1101 3333 1122 3392 4
1152 3324 1235 3404 cicae
1263 3329 1348 3418 μηδ’
1374 3329 1404 3396 εἰ

277 3426 503 3504 μετέπεμψαν
526 3420 577 3488 ἔτι
598 3416 726 3503 ὁμοίως
748 3415 789 3486 ἂν
804 3419 925 3500 αὐτοὺς
941 3421 1096 3510 ὠφελεῖν,
1118 3425 1165 3492 ita
1185 3433 1221 3492 ut
1242 3447 1284 3494 ne
1306 3429 1336 3496 si
1357 3449 1404 3495 ar·
1492 3481 1493 3510 ,

352 3701 383 3766 ¹¹)
401 3697 447 3766 IV,
466 3703 541 3764 aaa,
560 3703 601 3764 ra,
616 3703 640 3753 3.
660 3683 734 3762 re,'4
754 3703 838 3766 eser,
854 3703 868 3754 e
887 3701 957 3754 alius
969 3707 1033 3756 sunt
1049 3701 1162 3770 generis,
1179 3703 1243 3772 quia
1255 3705 1403 3776 inertique

281 3779 404 3834 oratione
420 3779 511 3834 locum
527 3783 633 3845 tenent,
652 3778 691 3833 ita
708 3783 740 3831 ut
755 3779 867 3832 verbum
890 3780 995 3834 finitum
1019 3781 1063 3836 hic
1081 3783 1183 3853 pariter
1198 3783 1228 3838 in
1244 3784 1402 3840 infinitivum
1464 3840 1466 3852 ,

281 3863 324 3913 est
340 3863 473 3914 mutatum
490 3863 572 3928 atque
588 3860 617 3913 in
634 3859 694 3912 aliis
712 3874 819 3927 quoque
837 3861 977 3914 sententiis
995 3861 1169 3929 secundariis,
1187 3865 1270 3920 veluti
1281 3865 1316 3932 II,
1335 3871 1372 3932 13,
1387 3871 1402 3918 t

283 3929 324 3994 οἷς
339 3935 504 4006 χρήσεσθαι.
521 3939 556 4004 Π,
576 3945 633 4005 102,
652 3945 667 3993 2
687 3935 732 3992 ὅτε
749 3935 878 3992 ἀλᾶσθαι.
896 3940 983 4007 liar,
993 3945 1016 3994 2.
1036 3941 1079 4010 lv,
1088 3947 1129 4008 98,
1143 3947 1166 3996 3.
1183 3943 1218 4011 V,
1233 3949 1309 4009 28,1.
1328 3951 1368 4004 63.
1378 3951 1399 3998 3.

280 4019 330 4083 VI,
350 4023 390 4084 24,
409 4023 433 4074 3.
453 4023 494 4084 64,
514 4025 537 4074 5.
556 4024 596 4088 tt,
616 4025 638 4074 2.
661 4019 722 4085 VII,
740 4026 782 4086 tt,
801 4024 824 4075 3.
841 4019 915 4088 VIII,
934 4026 958 4086 2,
978 4027 1001 4075 i.
1021 4027 1061 4090 27,
1080 4029 1103 4077 3.
1122 4029 1163 4090 43,
1181 4029 1207 4078 4.
1225 4029 1267 4090 48,
1285 4031 1310 4080 ὅ.
1329 4029 1399 4089 izi.
1492 4073 1493 4088 t
