2958 4868
246 414 307 476 156
745 419 875 490 Mengeld

244 614 303 656 ruo
340 591 500 677 γνωρίζω.
559 593 657 658 Plura
693 598 860 658 enumerat
891 591 929 656 G.
953 591 1094 672 Curtius,
1126 593 1310 675 „Verbum“
1337 598 1358 674 Ι,

244 693 467 776 petates.

329 787 456 855 Deinde
483 788 587 852 latina
615 787 715 853 verba
743 788 866 870 primae
893 788 1020 870 conjug.
1048 808 1069 854 a
1094 789 1255 856 secundae
1284 791 1361 872 eunj.

243 908 308 952 non
331 905 426 970 posse
449 885 625 968 segregari,
657 884 910 952 luculentissime
932 892 1067 970 apparet
1090 905 1108 952 e
1130 887 1229 953 variis
1251 888 1294 952 ab
1316 907 1364 953 ea·

244 985 317 1052 dem
346 985 445 1067 stirpe
474 985 581 1046 denso·
609 983 716 1048 verbis
745 981 898 1048 derivatis
928 984 1060 1046 demere
1087 990 1120 1049 et
1151 985 1297 1068 dmum,
1326 986 1361 1050 ei.

242 1103 356 1146 nature
378 1089 410 1148 et
430 1101 544 1146 nocere
566 1079 664 1152 (Ourt.
685 1081 736 1146 El.
760 1081 810 1144 Et.
835 1085 917 1156 154).

328 1183 410 1246 Tum
433 1200 499 1244 non
518 1175 620 1245 solum
642 1179 811 1242 verborum
834 1179 868 1242 in
890 1199 942 1240 -uo
970 1184 1044 1244 sunt
1068 1197 1172 1261 paues
1195 1197 1250 1248 ea.
1284 1199 1363 1262 quae

241 1279 366 1360 graecis
388 1279 486 1361 plane
508 1275 741 1360 respondeant,
765 1275 839 1355 sed,
868 1275 954 1357 quod
977 1275 1165 1342 Corssenius
1187 1276 1258 1360 ipsa
1281 1277 1364 1344 haud

241 1376 368 1458 ignorat
391 1375 445 1458 (ei.
467 1375 515 1455 113
540 1373 633 1457 732),
664 1374 759 1438 etiam
783 1393 801 1438 e
824 1375 992 1440 verborum
1020 1374 1053 1438 in
1081 1395 1134 1438 -ee
1162 1375 1365 1442 muititudine

242 1481 365 1556 septem
387 1479 511 1538 tantum
533 1472 647 1537 afferre
669 1479 776 1556 petest
796 1473 833 1536 L.
856 1473 1004 1556 Meyerus
1025 1473 1047 1536 l.
1066 1491 1092 1536 e.
1117 1476 1156 1536 21
1180 1491 1261 1554 sqq„
1286 1493 1366 1554 quae

242 1591 312 1636 eum
335 1571 459 1654 graecis
473 1589 673 1634 communem
695 1570 838 1635 habeant
853 1571 994 1652 stirpem,
1024 1570 1139 1651 Itaque
1153 1570 1251 1634 etiam
1268 1572 1365 1646 verba

241 1670 275 1732 in
297 1689 346 1731 -eo
369 1690 389 1732 a
410 1668 534 1751 graecis
555 1667 589 1730 in
611 1691 672 1732 -εω
702 1667 905 1750 sejungenda
934 1674 1025 1732 erant
1047 1665 1227 1732 Oorssenio.
1273 1669 1365 1735 Adde

242 1767 327 1848 quod
350 1788 415 1830 non
438 1766 540 1830 solum
563 1765 596 1830 in
625 1765 748 1844 verbis,
783 1765 841 1831 sed
864 1767 960 1830 etiam
982 1765 1017 1830 in
1039 1764 1221 1830 nominibus
1251 1767 1364 1832 eadem

241 1865 382 1930 varietas
404 1864 612 1946 eonspiuitur3
647 1882 666 1928 e
687 1864 797 1929 multis
819 1865 904 1928 enim
926 1861 1112 1945 adjectivis,
1136 1882 1272 1944 quorum
1294 1864 1365 1928 eha-

240 1968 344 2028 raeter
367 1969 416 2027 est
445 1983 478 2043 o,
508 1967 657 2042 quattuor
687 1968 811 2026 tantum
843 1961 937 2026 affert
964 1961 1000 2024 L.
1030 1960 1192 2043 Meyerus,
1231 1981 1363 2044 quorum

242 2061 337 2142 stirps
366 2068 414 2124 est
442 2059 556 2124 eadem
584 2058 618 2122 in
646 2065 781 2140 utraque
802 2059 928 2141 lingna:
967 2057 1099 2138 ὄολιχο-
1120 2059 1228 2140 loapn·
1258 2057 1363 2143 (aliter

242 2155 327 2222 onst.
344 2157 364 2220 l.
381 2176 407 2220 e.
428 2155 512 2239 173),
535 2157 632 2235 λοξο-
655 2157 755 2237 luae,
778 2179 891 2238 μωρο-
913 2161 1022 2234 mera,
1046 2161 1197 2238 σκαμβο-
1217 2158 1362 2220 ecumbe.

325 2255 489 2319 Postremo
512 2254 616 2336 Boppi
645 2255 805 2319 sententia
833 2252 874 2317 de
895 2253 1054 2317 communi
1077 2254 1200 2336 origine
1222 2257 1362 2320 omnium

240 2353 409 2418 verborum
432 2341 667 2416 contractorum
695 2349 898 2416 eontirmatur
920 2370 967 2428 eu,
1002 2351 1087 2431 quod
1115 2352 1216 2416 verba
1243 2353 1305 2418 illa
1325 2373 1362 2418 en

241 2449 362 2516 eisdem
386 2450 549 2514 numinum
572 2449 728 2526 elassibus
750 2450 783 2512 in
806 2456 940 2529 utraque
968 2448 1080 2530 lingua
1109 2447 1299 2516 derivantur
1319 2456 1363 2514 at-

240 2567 301 2629 que
323 2547 437 2612 eodem
460 2545 701 2628 significationis
715 2546 844 2610 vinculo
867 2565 938 2610 eum
960 2545 1143 2610 numinibus
1165 2547 1363 2630 conjungun-

238 2651 299 2708 tu'r.
343 2645 395 2708 Ita
417 2653 448 2708 et
469 2663 586 2726 graeca
614 2649 647 2708 et
675 2643 776 2707 latina
805 2643 904 2708 verba
924 2644 958 2706 in
980 2663 1031 2704 -uo
1053 2663 1074 2708 a
1096 2644 1310 2711 substantivis
1330 2646 1361 2710 iu

186 2739 190 2748 ’
240 2745 261 2804 u
284 2741 430 2806 derivata
453 2761 522 2806 eam
546 2741 668 2816 habent
689 2740 770 2818 vim,
800 2746 835 2804 ut
857 2739 1050 2822 significent,
1079 2740 1219 2822 aliquem
1241 2743 1278 2808 id
1300 2743 1362 2808 effi-

239 2857 311 2904 cere
333 2840 385 2904 vei
408 2839 441 2902 in
465 2858 502 2903 eo
526 2857 597 2903 esse
620 2844 720 2914 statu,
754 2837 806 2920 qui
836 2837 966 2902 nomine
994 2837 1052 2900 illo
1077 2837 1263 2922 denotetur3
1298 2843 1360 2906 alia

238 2942 346 3004 autem
381 2937 480 3002 verba
514 2937 617 3000 latina
655 2935 689 2998 in
727 2956 779 2996 ·a0
820 2942 851 2999 et
887 2934 1138 3002 conformatione
1176 2936 1293 3003 eadem
1324 2959 1358 3002 aa

238 3136 347 3192 dialecti
364 3137 467 3191 formae
484 3133 574 3194 πιάζω
594 3154 611 3186 α
628 3151 682 3188 non
701 3150 734 3188 ex
752 3153 763 3188 ε
782 3141 841 3190 orte
865 3141 906 3190 est
928 3167 964 3175 -
980 3151 1067 3203 neque
1085 3137 1155 3190 enim
1172 3155 1187 3207 ρ
1207 3137 1297 3192 vicine
1313 3145 1359 3200 est,

181 3254 184 3260 f
237 3220 345 3287 Brugm.
366 3218 477 3283 ‚,Stud.“
495 3217 528 3283 V,
547 3220 596 3271 328
620 3245 653 3256 —-
678 3215 726 3284 sed
749 3216 840 3284 potius
859 3217 952 3271 eodem
970 3217 1180 3272 assimulationis
1197 3217 1308 3274 fastidio
1325 3221 1357 3273 ab

237 3299 431 3367 antiquissimis
449 3297 617 3366 temporibus
643 3302 749 3352 servata
771 3304 826 3361 est,
853 3297 892 3350 ita
916 3304 947 3350 ut
971 3298 1058 3357 πιάζω
1082 3298 1163 3352 etiam
1185 3301 1357 3354 vetustiorem

237 3381 350 3435 haberet
369 3380 485 3433 colorem
504 3393 584 3446 quam
602 3380 711 3444 *natjan
748 3377 853 3432 Eadem
877 3378 910 3432 de
935 3393 1053 3431 caussa
1072 3393 1178 3448 semper
1195 3387 1303 3434 servata
1319 3384 1358 3434 est

215 3465 300 3530 -post
319 3479 328 3511 ι
345 3461 373 3513 iu
392 3461 429 3514 eis
453 3459 542 3514 verbis
563 3459 591 3511 in
615 3461 725 3525 -ajemi,
754 3473 823 3526 quae
846 3459 881 3512 ad
904 3459 1012 3512 nomina
1035 3457 1128 3512 suffixi
1154 3461 1196 3526 -ja
1223 3463 1283 3524 tuo)
1308 3475 1356 3528 ope

237 3543 353 3596 formate
375 3547 544 3603 revocantur,
573 3547 735 3607 quamquam
758 3555 807 3608 pro
832 3539 1027 3607 significatione
1049 3539 1078 3592 in
1096 3557 1142 3592 -aa
1163 3541 1254 3610 potius
1272 3541 1313 3596 vel
1328 3541 1354 3594 in

237 3625 296 3682 -ιζω
325 3621 397 3675 exire
423 3621 563 3686 deberent,
595 3627 626 3673 nt
652 3626 765 3690 apparet
791 3635 806 3674 e
831 3620 994 3690 synonymis,
1023 3635 1045 3674 e.
1073 3635 1098 3688 g.
1126 3617 1224 3691 ἀφρέω
1252 3618 1353 3691 ἀφρίζω

237 3700 367 3772 ἇφριάω,
402 3702 508 3754 καπνέω
536 3699 655 3760 καπνὶζω
682 3700 823 3760 nemetim,
854 3699 1041 3769 ε’ποφθαλμὲω
1070 3699 1270 3770 ἒποφθαλμὶζω
1296 3698 1354 3754 s'uo·

238 3781 391 3851 φθαλμιάω
410 3781 455 3847 (ef.
473 3782 541 3836 Lob.
559 3782 655 3836 Rhem.
673 3787 741 3848 230),
761 3798 829 3850 quaa
848 3782 938 3836 omnia
956 3799 972 3836 a
990 3781 1187 3850 significatione
1204 3782 1270 3836 nihil
1286 3781 1353 3835 inter

237 3879 266 3919 se
284 3863 454 3930 discrepant.¹
472 3861 596 3914 καπνιάω
613 3864 704 3931 igitur,
722 3864 745 3917 si
763 3864 891 3940 accurati.
902 3879 961 3917 esse
977 3863 1098 3929 velimus,
1115 3879 1170 3917 non
1187 3863 1222 3916 ad
1238 3880 1351 3923 aenne,

236 3944 284 3999 sed
302 3943 337 3997 sd
356 3945 491 4009 *tapnia-
510 3944 691 3998 revocandum
709 3950 759 3997 est.
787 3975 820 3982 -
846 3943 974 3997 Latinum
990 3943 1073 4010 igitur
1090 3957 1179 4008 pisum
1201 3959 1235 3998 eo
1252 3947 1351 3997 tantum

236 4025 327 4080 differt
344 4039 361 4078 a
377 4024 467 4090 πιέζίυ,
486 4025 558 4092 quod
575 4041 591 4079 a
609 4026 693 4092 stirpe
710 4025 796 4080 nessii
813 4031 895 4082 sueta
911 4029 985 4091 pina·
1005 4024 1153 4079 derivatum
1171 4027 1229 4078 est„
