2958 4868
364 427 408 482 De
425 429 557 484 vocalium
574 443 732 498 graecarum
749 429 918 500 hyphserssi.
1114 445 1121 466 ·
1165 429 1203 492 91

87 599 251 683 quaesitae
265 598 432 682 eujusdam
449 599 740 683 elegantiao,.quod
755 599 811 668 ille
825 601 956 666 attieum
968 606 1052 686 χρέα
1067 603 1209 672 imitatus

86 697 143 764 sibi
172 695 310 763 finxerit.
356 696 597 780 Adjeetivorum
625 705 732 764 autem
754 717 825 764 oum
846 697 941 776 -δεες
962 701 1209 784 compositorum

85 795 115 862 in
130 795 303 862 homericis
318 795 514 862 carminibus
535 797 671 880 legimus
687 795 750 862 duo
768 796 927 881 exempla,
949 796 983 862 in
1006 798 1120 880 quibus
1141 819 1229 866 eor··

84 893 183 977 reptio
206 891 254 958 fit.
291 891 425 960 Constat
445 894 582 978 primum
598 893 639 960 de
653 894 835 960 aeeusativo
857 893 1030 977 singularis
1046 889 1206 980 ὑπερδέα,

84 991 133 1074 qui
163 991 283 1074 legitur
312 995 342 1056 P
361 994 439 1058 330:
475 985 624 1073 ὑπερδέα
654 990 760 1078 δῆμον
789 989 933 1072 ἔχοντες.
977 991 1028 1058 De
1056 992 1206 1082 θεουδής
1306 1025 1309 1034 ·

83 1095 184 1156 autem
214 1107 287 1154 oum
315 1107 434 1171 magna
465 1087 622 1154 dissensio
651 1089 693 1154 sit
723 1089 808 1156 inter
838 1089 924 1154 viros
956 1088 1084 1172 dootos,
1118 1091 1207 1174 prius

84 1186 172 1252 nobis
193 1184 481 1252 demonstrandum
504 1192 561 1267 est,
584 1185 673 1250 illam
689 1205 801 1252 voeem
823 1185 867 1252 ad
888 1186 973 1251 huno
995 1187 1099 1252 looum
1121 1194 1207 1256 reete

83 1283 198 1351 reterri.
245 1283 293 1348 Ao
314 1282 436 1366 primus
450 1281 587 1365 ,quidem
609 1281 784 1350 Buttmann
805 1283 840 1350 in
862 1283 1007 1367 Lexilog.
1023 1285 1049 1366 I,
1071 1287 1130 1350 169
1153 1304 1206 1352 ex-

34 1415 39 1430 ·
84 1382 201 1466 posuit,
225 1377 378 1467 θεουδής
400 1399 465 1444 non
488 1399 560 1448 esse
582 1387 778 1448 eontraetum
801 1401 819 1448 e
840 1379 1018 1468 θεοειδής,
1042 1382 1100 1448 sed
1122 1402 1205 1448 oom-

84 1480 217 1564 positum
248 1497 267 1544 e
296 1475 383 1554 θεός
412 1483 443 1543 ε1
472 1475 565 1563 δέος;
598 1478 658 1544 hoo
687 1479 834 1544 oonoludi
863 1498 959 1564 posse
988 1498 1029 1546 ex
1057 1479 1205 1546 omnibus

83 1577 165 1658 loeis,
188 1575 307 1660 quibus
322 1573 480 1642 Homerus
497 1574 647 1664 θεουδής
669 1595 747 1642 voee
769 1583 920 1658 uteretur,
943 1577 1003 1642 hoo
1025 1575 1206 1644 confirmari

83 1672 342 1758 interpretatione
364 1680 507 1740 vetemm
528 1673 822 1758 grammaticorum,
857 1675 911 1758 qui
938 1681 1099 1740 verterent
1121 1679 1206 1742 θεο-

85 1770 197 1855 σεβής,
236 1765 396 1858 εὐσεβής,
435 1778 467 1838 ε1
495 1793 554 1838 usu
588 1772 798 1856 posteriorum
831 1777 998 1856 poetarum
1027 1771 1204 1858 epicorum3

84 1866 229 1955 θεουδής
245 1867 350 1952 igitur,
374 1889 393 1934 a
408 1867 558 1956 δεοδεής
574 1867 761 1952 derivatum,
785 1889 857 1935 eam
876 1871 940 1936 vim
955 1869 1085 1952 habere,
1108 1889 1204 1952 quam

85 1973 222 2034 nostrum
272 1967 581 2050 ‚,gottesidrohtig“.
654 1965 825 2034 Existimat
868 1967 964 2051 igitur
1003 1989 1019 2033 a
1058 1968 1204 2033 vocalem

85 2083 149 2132 esse
171 2067 303 2150 elisam,
327 2090 345 2132 o
367 2073 473 2132 autem
496 2085 561 2130 non
583 2065 678 2130 aliter
699 2065 888 2148 productam
909 2085 1004 2148 quam
1027 2087 1048 2130 α
1070 2064 1104 2130 in
1126 2083 1205 2132 roae

86 2161 177 2246 ἀδεές
199 2174 367 2252 proptera
382 2187 565 2248 oonsonam,
590 2165 719 2250 quaein
743 2164 820 2243 δέος
842 2164 950 2250 postd
972 2167 1079 2252 posita
1100 2165 1204 2232 fuerit.

86 2263 144 2330 Sed
165 2267 239 2332 aliis
262 2263 338 2330 viris
361 2263 530 2331 offensioni
558 2264 617 2329 iuit
638 2263 849 2348 hyphaeresis
872 2263 1027 2330 avooalis
1048 2270 1124 2329 ante
1147 2285 1204 2350 ης;

85 2360 185 2446 itaque
214 2362 411 2429 Doederlein
441 2359 570 2446 (‚,Hom.
594 2359 722 2427 Gloss.“
745 2361 775 2442 Ι,
809 2359 883 2445 117)
913 2367 1038 2443 censet,
1066 2384 1081 2426 ε
1104 2365 1204 2426 meta·

86 2458 160 2525 thesi
181 2459 269 2526 saeta
296 2459 433 2544 positam
456 2477 527 2525 esse
555 2465 628 2542 post
650 2463 744 2539 aaa,
775 2456 964 2542 adeodado
992 2457 1109 2522 iaetum
1133 2477 1204 2524 esse

86 2555 244 2645 δεοεδής,
275 2553 441 2643 θεουδής,
478 2561 512 2620 ut
543 2575 560 2621 e
589 2561 690 2622 πενία
718 2566 837 2636 πεῖνα,
872 2574 890 2620 e
920 2552 1041 2637 δόρυος
1072 2553 1203 2638 δοῦρος.

87 2651 197 2720 Verum
221 2679 237 2721 ε
262 2653 420 2737 ejusmodi
443 2654 635 2719 metathesin
664 2653 742 2738 pati,
772 2671 831 2718 neo
859 2653 925 2718 ullo
955 2653 1103 2735 exemplo
1132 2671 1204 2717 oon-

86 2747 195 2817 irmari
219 2757 340 2838 potest,
375 2771 435 2816 noo
463 2770 520 2834 per
543 2770 578 2817 se
600 2751 773 2816 verisimile
796 2755 853 2816 est.
898 2748 1021 2814 Eadem
1044 2749 1084 2816 de
1107 2769 1204 2816 eausa

87 2847 219 2916 Dtntzer
247 2847 360 2936 (Κ.·Ζ.
384 2847 467 2915 XIII
475 2897 483 2930 ,
510 2851 560 2926 16)
590 2847 775 2915 Buttmanni
798 2847 1024 2932 etymologiam
1046 2847 1149 2930 rejioit
1172 2854 1203 2913 et

87 2943 286 3028 Apollonium
301 2947 477 3031 Dysaolum
493 2953 619 3013 seoutus
634 2943 786 3032 θεουδής
808 2963 879 3011 esse
901 2943 1109 3028 compositum
1132 2965 1203 3010 oum
1271 2995 1274 3002 Δ

56 3089 61 3104 .
89 3036 174 3108 ἁδεῖν
205 3045 377 3111 existimat.
437 3044 495 3110 Cui
526 3043 732 3128 explicationi
767 3049 799 3110 et
834 3039 1023 3126 significatio
1060 3061 1081 3108 a
1115 3043 1203 3108 Butt-

88 3155 197 3206 menno
220 3143 428 3225 sagacissime
450 3143 598 3226 exposita
616 3149 647 3208 et
661 3141 752 3226 ipsae
766 3142 893 3208 litterae
915 3145 1105 3226 repugnant,
1127 3161 1203 3206 nam

91 3257 126 3298 ou
153 3261 315 3324 nunquam
337 3241 534 3306 contrahitur
555 3239 589 3304 in
612 3264 667 3322 ou,
701 3239 735 3306 id
758 3239 843 3323 quod
865 3240 1007 3304 Dttntzer
1034 3237 1101 3303 fieri
1123 3239 1202 3302 vult.

89 3331 262 3404 Lobeokius
292 3345 399 3404 autem
431 3333 475 3404 ad
507 3337 693 3403 Buttmanni
726 3337 837 3428 „Ausi
870 3335 1034 3403 G1·amm.“
1067 3335 1114 3417 II,
1140 3340 1202 3401 450

92 3425 138 3512 (oi.
165 3433 257 3502 Path.
287 3433 491 3521 n1.1,242)
520 3435 666 3500 eonoedit
695 3434 838 3518 quidem,
878 3432 1010 3517 reperiri
1040 3427 1201 3516 ὑπερδέα,

90 3521 199 3615 ἀκλέα,
238 3533 378 3624 δυςκλέα
408 3533 510 3598 altera
538 3555 553 3597 ε
580 3532 677 3613 elisa,
714 3531 772 3597 sed
806 3533 840 3597 in
868 3551 905 3597 eo
935 3529 1084 3607 offendit,
1118 3528 1204 3612 quod

90 3628 295 3697 nominativus
328 3629 478 3716 θεουδής
511 3629 685 3696 seeundum
720 3629 805 3694 hano
833 3627 1016 3712 explicandi
1045 3625 1203 3693 rationem

92 3737 209 3800 prorsus
241 3729 413 3812 singularis
446 3727 503 3808 sit,
540 3727 573 3792 in
598 3727 717 3792 nullius
750 3727 835 3791 enim
868 3724 1056 3808 antiquioris
1088 3731 1203 3808 poetae

94 3819 207 3906 seriptis
249 3825 386 3891 inveniri
423 3825 669 3906 nominativum,
707 3823 810 3906 qualis
848 3829 896 3888 est
939 3819 1096 3908 δυςκλής,
1140 3843 1202 3905 quo

88 3903 230 3989 'Simmiae
263 3921 391 3988 demum
429 3921 540 4007 (Anth.
569 3921 604 3986 P.
627 3920 699 4003 XV,
736 3941 768 3986 n.
792 3923 843 3985 22.
873 3940 903 3984 v.
930 3917 1048 4004 1016))
1085 3927 1201 3986 utatur.
1321 3969 1326 3984 .

94 4009 131 4076 At
150 4019 309 4104 analogia,
340 4039 435 4102 quam
457 4019 640 4086 Lobeokius
663 4017 841 4100 desiderat,
864 4016 1035 4102 reperitur-5
1065 4017 1202 4100 legimus
