3020 4866
356 452 398 510 De
414 452 539 511 infinitivi
556 457 708 542 temporum
726 467 778 508 usu
796 451 978 523 Thucydideo.
1191 453 1227 516 ΙΙ

117 650 264 712 evasura,
301 635 368 694 tum
404 636 678 711 momentaneam,
714 636 781 696 tum
818 630 986 698 durantem
1021 631 1075 697 vel
1104 631 1232 716 saepius

116 728 287 813 repetitam.
311 723 491 792 Infinitivus
511 725 618 810 futuri,
641 728 694 811 qui
717 736 752 794 ut
772 727 964 796 indicativus
986 729 1122 813 tempori
1144 733 1231 796 certo

116 826 280 892 adstrictus
309 831 372 904 est,
404 824 437 888 in
455 825 639 890 accusativo
668 845 740 891 cum
762 823 818 891 ini.
840 826 944 892 locum
967 825 1075 908 habet,
1097 827 1133 894 in
1154 826 1233 893 sim·

116 923 202 1008 plicis
229 921 378 987 infinitivi
406 928 564 988 structura
602 921 677 989 lerri
712 923 833 1006 nequit.
885 923 970 990 Nam
1003 923 1142 1008 simplex
1179 922 1232 989 in-

116 1020 263 1102 finitivus,
292 1037 364 1085 oum
392 1025 541 1088 naturam
569 1019 763 1087 substantivi
784 1021 926 1087 verbalis
952 1027 1073 1102 servet,
1110 1020 1232 1087 nudam

115 1117 198 1184 verbi
224 1117 388 1183 notionem
418 1117 582 1200 exprimit,
612 1117 681 1185 sive
709 1119 917 1204 propositum,
941 1137 1003 1201 quo
1025 1118 1096 1202 quis
1119 1118 1231 1201 tendit,

114 1215 244 1296 indicat,
274 1215 344 1280 sive
372 1214 508 1297 subjecti
537 1222 593 1280 aut
621 1235 714 1282 casus
743 1216 863 1299 obliqui
891 1209 996 1280 locum
1018 1221 1107 1282 tenet
1137 1213 1232 1300 (βού-

115 1313 208 1396 λομαι
236 1324 366 1393 ποιεῖν,
402 1306 566 1378 ἆὸύὺατον
596 1315 817 1400 πολεμῆσαι),
846 1313 888 1378 ab
911 1313 998 1378 omni
1019 1318 1127 1380 autem
1149 1320 1231 1380 tem-

114 1431 217 1494 porum
246 1411 474 1477 consecutione
496 1408 707 1493 significanda
728 1431 857 1494 prorsus
879 1411 1005 1477 alienus
1027 1418 1084 1478 est.
1118 1412 1231 1495 ltaque

114 1514 145 1574 ut
179 1509 212 1574 iu
252 1508 461 1575 substantivis
496 1507 682 1574 verbalibus
714 1510 879 1576 verbalem
912 1509 1052 1592 aliquam
1087 1509 1152 1574 vim
1184 1510 1231 1576 in·

113 1623 178 1673 esse
198 1605 440 1672 concedendum
462 1611 526 1688 est,
555 1606 708 1690 temporis
729 1607 852 1673 notatio
875 1605 1040 1689 neganda3
1063 1605 1110 1671 ita
1131 1607 1165 1672 in
1185 1605 1231 1672 iu·

113 1701 253 1786 finitivis,
285 1703 338 1786 qui
365 1703 431 1768 illis
459 1703 668 1770 substantivis
698 1705 825 1786 cognati
853 1711 942 1785 suut,
972 1704 1052 1768 nibil
1074 1703 1230 1786 invenies,

113 1819 170 1884 quo
198 1809 303 1868 cemus
331 1800 484 1884 temporis
511 1801 631 1884 gradus
659 1800 862 1884 significetur.
906 1803 944 1866 In
973 1801 1155 1868 accusativo
1177 1803 1232 1868 vel

113 1899 304 1966 nominativo
333 1917 404 1963 cum
432 1897 488 1962 inf.
518 1904 630 1964 contra
657 1898 795 1964 futurum
818 1899 1032 1964 necessarium
1054 1919 1145 1980 esse,
1175 1898 1231 1966 ubi

112 2015 159 2061 res
195 1995 303 2060 lutura
340 2002 504 2075 narratur,
541 2015 635 2061 nemo
673 2003 723 2062 est
761 1997 837 2078 quin
875 1995 999 2062 videat:
1037 1994 1231 2078 ἐλπίζοντες

114 2091 232 2179 ῥᾳδίως
255 2091 411 2179 αἱρήσειν
434 2094 544 2171 (Thus.
569 2093 622 2175 IV,
646 2097 675 2173 8,
700 2093 744 2179 3).

190 2191 316 2257 Eodem
345 2190 440 2256 modo
463 2187 504 2254 ἄν
532 2191 692 2274 particula
719 2191 877 2258 infinitivo
900 2191 1014 2257 addita
1035 2191 1230 2276 explicanda

114 2293 170 2372 est3
192 2307 269 2354 nam
291 2289 372 2354 haec
394 2307 520 2370 quoque
542 2287 690 2354 infinitivi
707 2295 864 2355 structura
878 2289 996 2372 ubique
1012 2295 1061 2356 est
1076 2292 1230 2358 orationis

114 2385 267 2468 obliquae.
320 2384 391 2464 Qua
428 2384 468 2450 de
496 2405 531 2450 re
559 2386 653 2452 aliter
681 2386 799 2451 sentire
828 2385 1027 2469 Herbstium,
1057 2389 1160 2453 virum
1190 2388 1230 2455 do

71 2493 74 2500 ’
112 2482 298 2568 Thucydide
330 2482 521 2566 explicando
551 2483 670 2566 optime
697 2483 858 2562 meritum,
892 2483 980 2547 haud
1007 2483 1136 2566 ignoro,
1172 2483 1238 2551 sed·

113 2597 299 2664 quamquam
322 2580 392 2662 ejus
410 2579 567 2662 judicium
590 2581 756 2664 permagni
778 2579 928 2661 aestimo,
951 2588 1060 2646 tamen
1082 2583 1232 2648 assentiri

113 2675 139 2742 ei
165 2698 229 2742 non
257 2697 398 2762 possum.
443 2676 641 2762 Herbstius³)
671 2677 823 2743 aoristum
851 2696 922 2742 eum
952 2673 992 2742 ἄν
1015 2679 1130 2744 vocula
1158 2699 1232 2746 eou-

114 2775 262 2842 sceiatum
278 2778 394 2840 tractat
408 2793 527 2856 eosque
541 2775 741 2857 potissimum
755 2775 842 2840 locos
853 2776 1062 2858 persequitur,
1079 2777 1134 2842 ubi
1149 2778 1231 2844 haec

112 2877 268 2938 structura
291 2891 356 2937 una
378 2891 450 2936 oum
471 2872 609 2954 simplici
631 2872 735 2937 futuro
759 2872 904 2954 occurrit,
927 2867 1083 2938 ut‘Tbuc.
1106 2875 1131 2956 Ι,
1159 2879 1229 2956 127,

113 2967 155 3049 ΙΙ,
191 2973 248 3051 64,
284 2970 365 3034 alios
399 2968 557 3051 ejusmodi
589 2971 687 3036 locos.
740 2968 862 3048 Quibus
897 2971 1105 3052 examinatis,
1146 2972 1230 3038 hane

113 3064 334 3150 disputationis
362 3085 518 3132 summam
545 3068 709 3152 proponit:
745 3066 776 3148 1)
804 3066 958 3134 acrisium
987 3087 1058 3134 oum
1080 3065 1120 3134 ἄν
1142 3070 1231 3136 haud

113 3162 212 3231 minus
245 3184 343 3248 quam
370 3164 475 3247 ipsum
502 3164 642 3230 futurum
670 3163 814 3230 indicare
842 3183 911 3230 rem
940 3165 1091 3249 iuturam3
1122 3166 1155 3250 2)
1177 3168 1231 3250 qui

113 3257 290 3347 incorrupte
312 3267 409 3344 atque
430 3263 554 3343 integre
572 3262 705 3345 judicet,
730 3261 759 3326 ei
782 3262 1023 3328 concedendum
1046 3264 1126 3345 esse,
1149 3265 1230 3332 nibil

114 3359 306 3425 condicionis
328 3359 560 3442 sumptionisve
582 3355 622 3424 ἄν
644 3360 802 3442 particula
816 3359 1004 3443 significari;
1028 3359 1061 3444 3)
1077 3363 1230 3428 aoristum
1281 3417 1288 3433 ι

112 3471 181 3520 oum
203 3453 246 3524 dv
269 3463 416 3540 spectare
437 3456 480 3521 ad
501 3475 570 3522 rem
592 3457 691 3524 semel
715 3464 911 3538 eventuram,
927 3463 1018 3539 'quae
1033 3457 1137 3524 futuro
1151 3466 1229 3525 tem·

115 3569 185 3632 pore
213 3574 280 3618 una
301 3553 428 3620 actione
450 3554 625 3637 perlectum
648 3561 679 3620 et
693 3555 873 3621 absolutum
888 3553 927 3618 iri
943 3553 1067 3634 dicitur,
1090 3555 1228 3624 futurum

71 3685 75 3710 ι
116 3657 220 3716 contm
261 3657 328 3716 tam
368 3652 512 3735 augustis
549 3651 704 3717 limitibus
741 3672 807 3718 nou
845 3671 916 3718 csse
949 3651 1227 3738 circumscriptum.

111 3741 198 3823 Quae
219 3754 254 3814 ut
275 3749 399 3832 probet,
423 3750 471 3814 vir
494 3748 605 3815 doctus
628 3750 778 3833 exempla
799 3751 901 3830 affert,
925 3750 1034 3832 qualia
1049 3756 1124 3818 sunt
1139 3752 1227 3837 apud

116 3897 312 3912 ⁸-‘————-—·-

178 3979 199 4044 ²)
216 3979 248 4036 ln
264 3981 355 4038 libello
373 3983 418 4052 qui
435 3983 593 4038 inscribitur
610 3983 717 4049 „Ueber
735 3979 769 4034 ἄν
785 3983 856 4038 belm
873 3984 962 4040 Futur
978 3985 1014 4038 im
1031 3986 1229 4058 Thucydidesr‘

114 4055 265 4131 (bamberg,
286 4066 361 4131 iser}
377 4079 438 4133 pag.
451 4070 490 4118 lt
508 4080 566 4133 sqq.
