2972 4868
438 413 471 469 11
489 413 701 486 reduplicatione
717 431 823 486 graeca.
842 439 845 444 Δ
1143 412 1204 476 283

86 583 149 660 (beo
170 583 261 652 Varr.
283 607 308 650 r.
331 606 356 650 r.
380 588 417 668 2,
443 591 475 666 1,
499 589 531 670 7)
554 584 670 652 fictum.
715 586 956 669 0111111111,
979 608 1010 672 p.
1034 592 1091 654 40:
1125 583 1143 654 ὃ
1167 583 1202 654 δ’

87 677 222 768 ἠλίθιος
245 679 362 766 ὥσπερ
385 680 559 768 πρόβατον
581 682 624 770 pto>
647 682 691 772 βτ)
714 685 820 768 λέγων
841 683 985 769 βαδίζει.

166 778 348 845 κα-κκά-
358 778 398 860 ζ·
408 804 423 846 e
434 797 487 846 ιν·
501 779 563 858 τὰς
579 776 672 866 ὅρνις
683 779 744 858 τὰς
756 779 844 864 πρὸς
858 780 898 848 τὸ
913 787 1039 850 τίκτειν
1052 785 1205 868 φθεγγο-

83 881 183 958 μένας
205 873 359 942 Ὰττικοὶ.
408 875 662 964 κα-κκά-βα·
697 879 852 963 πέρδιξ
878 879 955 946 Hcs.
985 877 1041 963 (dc
1069 879 1140 944 suff.
1162 879 1202 944 ci.

85 973 179 1052 κάλος
194 973 361 1059 κολοβός),
384 975 471 1042 unde
492 976 695 1062 κακκαβίζω.
729 976 884 1043 Scribitur
905 983 1013 1042 autem
1036 973 1200 1062 κα-κά-βη

81 1091 203 1155 quoque
226 1069 470 1158 11κα-κά-μβη
495 1075 586 1150 (ch.
610 1075 653 1140 ad
676 1074 795 1160 Phryn.
811 1072 896 1158 427).
925 1075 976 1140 De
998 1099 1017 1140 κ
1039 1074 1202 1156 geminato

80 1167 116 1232 cf.
138 1166 264 1250 κόκκυξ
284 1169 375 1234 inira.

161 1270 380 1348 κι-κυ-μίς
402 1273 519 1333 noctua
541 1267 680 1346 (callim.
696 1269 733 1334 ir.
751 1271 813 1334 318
836 1274 868 1333 et
882 1265 983 1350 Hcs).
1012 1271 1200 1348 ntae-pog-

80 1361 244 1450 λαμπτὴρ.
267 1361 290 1452 ἢ
311 1366 465 1453 γλαυκός.
489 1361 617 1450 ὁμοίως
638 1366 695 1432 καὶ
717 1369 899 1450 κί-κυ-βος.
923 1361 1198 1447 mae-peterse·

80 1457 310 1543 ὃυσβλεπτεῖν.
327 1471 526 1550 κι-χυ-βεῖν·
545 1463 725 1530 δυσωπεῖν.
740 1462 963 1528 νυκτιλωπεῑν
978 1461 1054 1528 Hes.
1077 1460 1200 1542 Quibus

80 1557 211 1642 collatis,
236 1561 270 1626 ni
290 1561 375 1628 fallit
390 1583 449 1629 nos
464 1561 725 1646 glossographus,
748 1559 889 1626 radicem
903 1557 1077 1644 accipimus
1095 1583 1198 1642 κι-κυ,

80 1654 165 1737 cujus
193 1657 244 1723 vis
274 1679 335 1722 noa
364 1660 423 1726 fuit
451 1659 659 1729 vociferandi.
706 1663 857 1740 Κίκυμος
886 1657 971 1723 cuim
1001 1663 1033 1726 ct
1060 1660 1200 1740 κίκυβος

78 1748 326 1838 (11.1’χθο-βος)
348 1778 413 1824 non
436 1758 470 1823 id
492 1764 616 1823 tantum
637 1755 780 1822 valuisse
802 1753 887 1838 quod
909 1752 1062 1837 piscarie,
1085 1753 1143 1821 sed
1164 1754 1200 1820 id

79 1854 447 1938 1111111111γλαῦξ,
477 1855 581 1921 elucet
609 1874 649 1920 ex
681 1854 727 1920 cis
749 1871 832 1936 quac
858 1850 936 1917 iude
960 1851 1105 1918 derivata
1126 1859 1201 1918 suut

80 1947 190 2029 verbis,
215 1969 299 2032 quae
321 1951 501 2035 significant
523 1953 682 2018 noctuinis
704 1950 796 2033 quasi
818 1948 918 2015 oculis
933 1948 1053 2016 videre.
1091 1949 1197 2028 Quare

79 2041 195 2111 fallitur
223 2048 277 2112 F.²
302 2052 380 2130 439,
404 2050 457 2132 qui
485 2051 607 2116 confert
636 2051 770 2130 circulus,
799 2068 910 2116 vocem
933 2055 1100 2130 utramque
1122 2068 1198 2114 ono·

80 2143 257 2226 matopoeia
294 2145 400 2211 fictam
433 2155 536 2213 ratus:
573 2169 648 2213 nam
676 2168 696 2214 a
724 2153 861 2213 noctuae
888 2147 1020 2212 notione
1053 2146 1198 2228 reliquae

79 2237 239 2318 (γλαυκός.
262 2242 431 2329 λαμτιτήρ)
453 2232 609 2328 proficisci
630 2245 850 2328 nequiverunt.
872 2280 913 2288 -
942 2243 1128 2325 Simplicem
1149 2263 1199 2308 ra·

80 2333 246 2420 dicamne,
266 2341 378 2406 renim
394 2363 486 2425 proc
507 2343 761 2408 dissimilationis
781 2361 878 2406 causa
898 2341 1035 2424 positum
1054 2346 1112 2421 est,
1135 2339 1198 2403 for-

79 2437 159 2500 tasse
181 2437 316 2518 praebet
338 2439 509 2520 κυ-μίνὸις
531 2439 577 2522 (Ξ
598 2437 689 2521 291),
721 2458 815 2521 quam
844 2436 981 2503 eandem
1011 2455 1105 2501 avem
1126 2455 1196 2502 esse

79 2531 143 2594 vult
165 2532 273 2599 Schol.
297 2536 351 2600 Ar.
367 2537 426 2601 AV.
444 2539 516 2618 262,
540 2543 572 2601 ct
594 2532 736 2624 κυ-βήνη
760 2538 779 2601 i.
797 2556 826 2618 q.
850 2535 953 2618 γλαῦξ
975 2533 1006 2616 (1
1018 2531 1196 2620 sopitivum·

76 2625 228 2710 γλαῦξαις
251 2629 325 2716 (sic)
347 2632 449 2717 Hcs).

158 2726 350 2792 κι-κύ-ω·
373 2728 511 2811 capuceo,
536 2727 649 2811 ἰσχύω,
672 2728 757 2812 quod
780 2749 798 2795 c
819 2729 966 2794 Zonarac
988 2750 1020 2812 p.
1040 2731 1121 2791 1215
1144 2747 1197 2792 cx·

77 2822 198 2906 scripsit
227 2825 344 2892 Suidas
373 2847 398 2893 s.
423 2849 453 2892 v.
483 2825 703 2909 κικυμώττειν
733 2825 787 2910 (cf.
816 2825 966 2910 Bernh.)‚
1004 2826 1196 2891 contrariam

79 2916 322 3002 duplicationem
350 2926 506 3010 praebere
536 2926 715 3012 suspicatus
743 2932 793 2990 est
821 2923 906 2988 Curt.
936 2923 1102 2990 114141.
1132 2925 1194 2987 708
1228 2917 1233 2926 ’

78 3033 130 3096 pro
151 3015 277 3084 *κικίω
300 3022 348 3100 [11.
366 3022 524 3106 1111111)
547 3025 604 3088 καὶ
627 3027 725 3088 κικίω
748 3019 793 3105 (i)
818 3020 1103 3088 δεδιπλασίασται
1124 3016 1194 3084 ἀπὸ

78 3118 131 3176 τοῦ
154 3113 215 3180 ὀίω
241 3117 295 3180 καὶ
319 3124 381 3184 utu
404 3119 520 3186 Arcad.
549 3141 580 3203 p.
606 3124 675 3200 164,
702 3122 751 3197 19)
781 3119 913 3199 dictum,
943 3117 1195 3202 duplicationem

78 3215 176 3276 eutem
193 3213 292 3280 verbo
308 3219 504 3284 causativum
522 3218 587 3282 vim
610 3217 759 3282 tribuisse
781 3221 920 3296 [1.κι-κ,
944 3215 1057 3296 ἐ’κιξαν
1074 3218 1103 3294 ξ.
1116 3215 1193 3294 511).

77 3301 139 3370 Sed
166 3310 200 3374 id
230 3310 367 3393 primum
396 3322 521 3380 constat
548 3311 651 3379 κικύω
682 3315 703 3378 i.
727 3335 756 3397 q.
789 3311 891 3395 ἰσχύω
920 3335 985 3380 nou
1014 3313 1194 3395 sejunctum

77 3423 143 3474 esse
164 3431 184 3475 a
206 3421 302 3486 κῖκυς
324 3411 428 3492 robur,
459 3412 549 3496 cujus
571 3411 663 3478 radix
686 3417 735 3478 est
757 3437 796 3476 κυ
821 3409 870 3494 (C.
893 3411 949 3476 Nr.
973 3408 1038 3494 79),
1060 3430 1121 3476 scr.
1144 3430 1192 3493 pu,

78 3503 156 3572 unde
183 3530 290 3592 pao-ar
317 3509 428 3592 robur;
466 3518 632 3594 praeterea
660 3516 767 3574 autem
797 3528 891 3574 nemo
920 3509 1023 3574 nescit
1048 3508 1192 3589 linguam

80 3597 227 3670 Graecam
250 3606 328 3671 bina
351 3631 363 3670 ι
386 3608 534 3672 consonis
558 3607 662 3672 divisa
683 3607 814 3672 minime
835 3605 1010 3689 aspernari.
1048 3606 1192 3670 Extremi

77 3703 177 3764 autem
199 3705 352 3786 temporis
373 3705 650 3786 grammaticorum
673 3703 845 3786 (accedunt
860 3702 1015 3769 Choerob.
1037 3703 1071 3768 in
1087 3701 1191 3768 Oram.

79 3791 193 3864 Auecd.
216 3801 259 3884 II,
283 3804 360 3880 229,
384 3805 421 3866 31
449 3809 480 3867 et
501 3803 551 3866 Et.
575 3801 658 3867 Gud.
681 3805 753 3882 321,
777 3799 832 3883 53)
859 3799 1043 3866 testimonia
1065 3819 1105 3866 ex
1127 3821 1191 3868 uno

79 3883 206 3960 fortasse
226 3894 315 3964 fonte
338 3897 528 3982 deprompta
549 3897 674 3964 tantine
697 3905 786 3976 sunt,
817 3904 852 3962 ut
872 3896 936 3962 duo
959 3897 1060 3962 verba
1085 3892 1188 3964 κικύω

78 3990 270 4058 statuamus?
315 3996 427 4076 Neque
456 3995 515 4062 erit
544 3996 597 4078 qui
627 3994 712 4060 dicat
740 3991 1064 4072 atuvg'velocitatem
1093 3994 1191 4077 signi-
