3020 4866
281 453 289 470 ‘
314 553 318 565 ·
363 467 411 523 ‘De
428 465 551 526 infinitivi
569 471 721 540 temporum
738 486 788 527 usu
808 471 992 544 Thucydideo.
1205 477 1244 540 65

116 636 228 704 tativis
243 645 294 704 est
308 642 448 726 propria,
464 645 520 723 uti,
543 645 633 731 quasi
648 643 796 712 dixisset:
821 647 878 712 καὶ
893 643 991 715 οὐδὲν
1006 645 1247 736 ἐπικηρυκεύε-

118 739 209 800 σθαι
232 733 436 819 deodiceret
475 743 523 808 Ac
539 742 706 809 Herbstius
729 743 822 810 aliter
844 745 998 829 expedire
1020 745 1149 830 studuit,
1173 766 1243 812 cum

117 833 140 896 l.
165 833 187 897 l.
211 853 284 918 pag.
311 840 348 900 17
379 837 424 903 sic
452 839 572 924 pergit:
609 842 669 923 „In
692 841 749 908 der
770 842 894 908 vierten
916 843 1017 910 Stella
1040 843 1125 933 Viil,
1149 848 1200 926 75,
1225 847 1244 910 2

116 930 162 996 ist
184 930 345 1014 adispici
361 931 394 998 τ)
412 934 559 1002 ’ἔσεσθαι
573 959 655 1022 ganz
670 937 732 1004 wie
750 939 845 1022 jenes
861 938 1028 1007 κακώσιιν
1044 941 1109 1006 und
1126 939 1242 1026 οἴσειν,

117 1029 188 1094 und
211 1026 521 1116 ἐπικηρυκεύεσθαι
544 1055 631 1102 muss
653 1036 780 1119 tolgan,
814 1038 887 1103 weil
918 1057 953 1104 es
975 1039 1042 1104 sich
1065 1039 1149 1122 hier,
1182 1041 1244 1109 wie

118 1126 179 1191 der
200 1127 482 1214 Zusammenhang
503 1133 602 1216 lehrt,
630 1151 688 1216 gar
710 1135 798 1199 nicht
819 1155 883 1200 von
908 1133 964 1201 der
985 1137 1144 1219 Zukunit,
1173 1157 1244 1204 son·

117 1223 201 1290 dern
216 1246 279 1292 ven
297 1226 356 1292 der
371 1229 566 1314 Gegenwart
587 1230 736 1316 handelt3
760 1231 813 1298 die
828 1233 1008 1300 samischeu
1024 1235 1243 1302 Demokratcn

115 1323 304 1408 schwdren,
341 1328 404 1394 den
427 1327 640 1396 Vierhundert
667 1330 700 1394 in
729 1329 812 1394 aller
833 1331 976 1396 Zukunit
1003 1331 1091 1398 ieind
1113 1353 1151 1399 nu
1173 1334 1243 1400 sein

115 1419 188 1484 und
210 1423 291 1488 auch
310 1423 390 1506 Jetzt
405 1425 526 1492 keinen
541 1426 662 1493 Herold
677 1449 716 1492 zu
731 1427 1043 1511 Unterhandlungen
1065 1430 1123 1496 mit
1143 1431 1243 1499 ihnen

116 1518 340 1607 abrusenden3
374 1521 463 1590 diesc
492 1524 819 1607 Unterhandlungen,
855 1524 907 1590 die
943 1526 1012 1592 hier
1038 1527 1243 1609 abgewiesen

116 1617 260 1699 werden,
284 1621 405 1686 richen
427 1641 509 1704 ganz
531 1623 565 1687 in
581 1623 632 1689 die
649 1623 850 1706 Gegcnwart,
874 1641 968 1690 wenn
992 1643 1067 1690 man
1089 1624 1243 1709 bedenkt,

116 1713 197 1780 dass
226 1737 263 1780 zu
293 1717 365 1784 dam
394 1719 487 1786 iinde
516 1721 615 1786 sehon
645 1719 808 1786 Gesandte
842 1739 906 1785 von
939 1719 1003 1786 den
1029 1721 1244 1790 Vierhundert
1367 1725 1370 1732 ’

115 1820 202 1896 (cap.
216 1817 265 1895 72,
283 1819 378 1899 3..77,
396 1821 427 1886 4)
443 1817 525 1882 nach
541 1817 654 1884 Samos
669 1824 851 1900 unterwegs
866 1817 1007 1884 waren.“
1040 1819 1105 1885 Sed
1120 1839 1242 1902 vereor,

115 1929 160 1976 ne
183 1913 337 1978 erraverit
357 1915 408 1980 vir
430 1914 555 1980 doctus:
582 1935 657 1979 nam
680 1933 756 1981 vere
778 1935 842 1981 non
866 1915 906 1980 de
928 1935 964 1981 re
985 1923 1155 1999 praesente
1176 1918 1244 2000 agi·

113 2014 185 2090 tur,
216 2009 274 2075 sed
297 2009 337 2077 de
358 2011 479 2094 lutura,
509 2031 580 2078 eum
603 2011 702 2094 legati
724 2011 829 2079 0000
849 2013 988 2078 virorum
1011 2033 1076 2078 non
1095 2013 1164 2097 jam
1186 2013 1243 2080 ad·

115 2113 227 2172 essent
248 2107 281 2172 in
304 2110 415 2176 castris
438 2110 582 2176 Samicis.
612 2109 696 2188 Quin
713 2110 818 2192 atiani,
846 2111 874 2176 si
896 2112 1043 2178 Herhstio
1066 2112 1241 2196 assentiris,

113 2206 355 2288 exspectaveris
376 2207 560 2290 praesentia
581 2227 639 2292 pro
663 2204 1004 2294 ὅημοκροιοήσισθαι,
1027 2205 1239 2294 ὁμονοήσειν,

115 2300 279 2382 διοίσειν,
316 2304 476 2386 πολέμιοι
506 2303 667 2386 ἔσεσθαι,
701 2313 872 2392 propterea
905 2305 990 2389 quod
1023 2307 1104 2372 haee
1133 2307 1242 2374 omnia

112 2399 248 2484 propius
263 2401 305 2466 ad
327 2409 531 2484 praesentem
546 2423 650 2470 rerum
666 2412 782 2471 statum
798 2426 833 2472 se
847 2404 1022 2487 applicant,
1046 2423 1141 2486 quam
1158 2404 1242 2470 illud

113 2496 446 2584 ἓπικηρυκεύεσθοιε
465 2500 535 2584 jam
552 2504 636 2568 enim
651 2503 761 2568 lavent
775 2501 931 2568 classiarii
952 2500 1050 2584 plebi,
1073 2507 1148 2566 sunt
1169 2521 1242 2566 con·

111 2595 227 2661 cordia
249 2595 420 2680 conjuncti,
443 2604 559 2680 gerunt
580 2600 700 2665 bellum
716 2606 826 2664 contra
840 2598 1102 2681 Peloponnesios,
1125 2598 1241 2666 ardent

113 2693 191 2758 odio
215 2692 490 2760 decommum.
535 2698 696 2779 Attamen,
719 2717 790 2762 cum
813 2697 874 2761 hoc
895 2695 1094 2778 potissimum
1117 2703 1241 2779 specta-

111 2798 187 2858 rent
209 2792 431 2876 Thrasybulus
460 2800 492 2858 et
514 2795 721 2879 Thrasyllus,
755 2801 790 2859 ut
814 2792 1024 2878 jurejurando
1046 2793 1164 2859 milites
1187 2795 1241 2860 ob·

114 2889 323 2972 stringerent,
353 2895 388 2954 ut
410 2909 504 2973 quem
526 2892 668 2957 animum
690 2899 765 2958 tunc
787 2892 959 2972 haberent,
995 2909 1066 2955 eum
1089 2891 1122 2955 in
1146 2911 1239 2958 omne

112 2993 242 3071 tempus
265 2995 439 3072 servarent,
462 2987 601 3054 futurum
624 2991 707 3056 bene
728 2990 763 3054 in
784 3009 876 3055 usum
897 2994 1045 3053 vocatum
1068 2994 1126 3069 est,
1150 3007 1240 3070 prae·

113 3104 190 3151 sens
212 3084 287 3151 ierri
309 3086 429 3170 nequit.
474 3087 578 3166 Quam
600 3088 640 3152 ob
663 3087 921 3170 rem-quamvis
943 3085 1116 3151 concedam
1139 3085 1240 3152 Herb-

110 3183 184 3264 stio,
210 3181 365 3249 (lebetum
386 3183 519 3248 nimium
541 3183 639 3250 fuisse
661 3185 695 3250 in
717 3180 908 3268 Thucydide
930 3182 1135 3266 castigando,
1163 3185 1239 3266 quin

113 3281 175 3346 hac
208 3279 244 3344 in
276 3300 312 3346 re
345 3280 482 3348 eundem
515 3288 600 3347 recte
632 3282 798 3366 judicasse
831 3301 977 3347 censeam
1012 3281 1141 3346 retineri
1173 3303 1239 3348 non

112 3397 262 3460 possum:
291 3379 469 3446 rectissime
489 3378 627 3444 futurum
649 3379 787 3446 restituit
808 3379 957 3461 idemque
978 3383 1064 3443 recte
1085 3398 1239 3461 praesens

18 3534 23 3546 ,
112 3483 241 3558 tempus
265 3481 296 3541 et
324 3475 462 3540 futurum
492 3495 649 3560 persaepe
677 3481 858 3561 permutata
886 3474 1051 3542 contendit
1073 3485 1151 3542 'esse
1188 3477 1238 3553 (cf.

113 3572 229 3638 Novae
250 3573 323 3638 lect.
346 3593 420 3657 pag.
444 3577 505 3640 365
530 3581 561 3639 et
583 3578 655 3639 406.
694 3574 874 3656 Madvigius
896 3575 917 3639 l.
940 3575 961 3637 l.
985 3591 1059 3655 pag.
1083 3576 1123 3638 38
1145 3581 1238 3658 sqq.).

114 3669 194 3734 Cum
217 3669 251 3734 in
274 3671 409 3736 aliorum
425 3673 613 3754 scriptorum
628 3672 727 3752 libris,
751 3679 816 3736 tum
835 3672 868 3736 in
883 3669 1082 3754 Thucydidis
1105 3671 1239 3738 historia

115 3773 264 3847 grassata
286 3774 334 3835 est
355 3789 394 3834 ea
416 3769 523 3850 labes,
547 3789 610 3851 qua
631 3789 673 3835 ne
696 3770 807 3852 optimi
829 3767 956 3851 quidem
980 3767 1106 3835 codices
1129 3775 1239 3835 carent

117 3862 166 3938 (ο.
181 3863 207 3945 1,
226 3869 275 3946 sc,
296 3869 343 3931 rr.
365 3870 434 3949 ιον,
452 3870 501 3932 35.
522 3871 590 3939 ιιι,
608 3870 657 3930 27.
681 3867 721 3948 11,
738 3874 766 3947 5,
784 3870 834 3933 aa.
854 3869 901 3944 rr,
919 3868 967 3929 νο.
985 3867 1034 3946 29,
1052 3870 1102 3930 34.
1119 3869 1169 3946 ar,
1187 3871 1237 3933 ιο.
1370 3933 1373 3940 .

117 3961 1237 4058 arnalii-,rarameraniae.unaarum,terrueritis,

119 4058 167 4121 30.
184 4061 271 4141 aaa.
289 4061 577 4142 saeviliam.
595 4063 644 4143 23,
656 4064 704 4126 re.
722 4063 832 4140 aare.
849 4063 974 4140 cerea.
990 4063 1041 4139 rs,
1053 4063 1118 4126 132.
1135 4065 1237 4140 res).

169 4174 301 4224 Curtius,
317 4177 407 4218 Studien
421 4177 459 4219 VI.
1017 4166 1031 4215 5
