3020 4866
268 419 308 480 22
748 419 913 474 Εοεεεωεαα

355 591 459 676 ἐ’ρως
482 588 664 658 ἐνέπεσε
686 603 759 668 τοῖς
780 597 885 656 πᾶσιν
907 625 949 636 -
971 586 1156 655 ἐκπλεῦσαι
1179 589 1233 671 VI,
1258 591 1308 669 24,
1332 590 1363 651 2.

351 687 489 776 χρῄζω
514 687 687 772 διαβαλεῖν
710 690 769 768 ΙΠ,
796 690 866 770 109,
890 691 919 752 3.

353 783 467 852 σι’·δενὶ
501 785 618 874 τρόπῳ
655 787 688 852 οἱ
725 785 791 873 ἔφη
830 781 1031 869 ἀρέσκειν
1065 783 1101 850 ἒν
1133 790 1179 870 τῷ
1214 780 1304 869 αὐτῷ
1341 781 1389 848 ἔτι

268 891 382 967 μένειν
405 885 476 963 VII,
500 889 550 968 49,
574 879 609 950 3]

352 982 419 1048 Sub
441 983 526 1048 idem
548 1003 650 1066 genes
666 982 785 1048 eadunt
799 981 862 1047 duo
878 981 985 1061 verbe,
1009 978 1251 1062 qnae'primitus
1263 976 1391 1060 quidem

270 1087 344 1146 sunt
365 1081 466 1146 verba
487 1081 640 1164 putandi,
669 1079 825 1164 paulatim
847 1075 932 1162 vero}
953 1078 1072 1143 emissa
1099 1076 1160 1142 har
1187 1077 1219 1142 vi
1247 1077 1392 1140 voiunta-

269 1179 338 1243 tiva
360 1185 434 1244 sunt
455 1177 556 1243 taeta:
581 1175 695 1258 ἀξιοῦν
718 1185 750 1243 et
766 1177 925 1242 δικαιοῦν.
955 1177 1005 1241 De
1028 1171 1142 1254 ἀξιοῦν
1158 1174 1290 1239 afferam
1306 1173 1392 1256 quod
1502 1222 1503 1231 .

269 1276 403 1358 protulit
436 1275 649 1340 Buttmannus
680 1275 714 1339 in
747 1275 888 1340 editione
916 1273 1079 1340 Midianae
1111 1276 1198 1354 (pag.
1230 1275 1289 1336 165
1312 1269 1392 1354 sq.):
1502 1268 1503 1279 ’

270 1372 396 1454 „Hujus
418 1371 526 1454 verbi,
549 1372 668 1459 inquit,
692 1371 941 1455 significationes
963 1377 1028 1434 tam
1050 1369 1173 1450 miram,
1196 1371 1230 1432 in
1252 1369 1392 1451 quadam

269 1478 378 1536 tamen
399 1469 534 1551 vioinia,
559 1469 778 1536 diversitatem
799 1469 971 1552 praebent,
999 1474 1035 1532 ut
1055 1488 1122 1532 non
1142 1487 1215 1531 raro
1236 1467 1271 1530 in
1293 1485 1332 1532 eo
1355 1467 1395 1532 sit

268 1587 352 1633 ansa
363 1565 534 1631 dubitandi
550 1616 559 1631 .
576 1618 583 1632 .
600 1616 608 1632 .
627 1567 817 1633 Tenendum
833 1572 891 1648 est,
912 1566 942 1631 ei
959 1563 1183 1648 significationi
1200 1585 1283 1646 quae
1298 1565 1393 1648 hujus

269 1664 359 1730 verbi
383 1683 424 1729 ex
446 1669 554 1748 etymo
575 1665 705 1747 propria
725 1671 790 1745 est,
821 1664 953 1747 dignum
970 1662 1132 1745 judicare,
1156 1663 1281 1744 quoties
1304 1661 1393 1728 aliud

266 1761 344 1827 inde
365 1762 498 1826 verbum
518 1762 553 1826 in
574 1761 731 1827 infinitivo
757 1762 887 1844 pendet,
912 1761 1020 1826 statim
1038 1759 1208 1826 admisceri
1227 1761 1390 1826 notionem

269 1859 461 1924 voluntatis:
491 1879 573 1941 quae
595 1880 667 1924 oum
683 1859 799 1942 partim
822 1858 866 1923 ad
887 1857 1021 1939 alienas,
1044 1857 1160 1940 partim
1182 1857 1394 1941 adproprias

268 1957 411 2022 actiones
433 1963 572 2039 speotet,
606 1962 781 2022 naseuntur
801 1955 879 2021 inde
902 1955 986 2029 duae
1009 1954 1257 2038 significationes
1279 1955 1394 2038 prinoi-

270 2054 373 2137 pales,
396 2054 499 2119 altera
520 2055 717 2138 postulandi,
740 2056 844 2120 altera
866 2073 901 2120 se
922 2053 1028 2136 ipsum
1042 2052 1253 2136 praebendi.“
1289 2054 1394 2136 Atque

268 2152 422 2235 primaria
442 2151 502 2216 illa
523 2152 581 2234 vis,
599 2170 681 2234 quae
697 2151 740 2216 ad
754 2158 896 2236 etymum
911 2149 1056 2234 proxime
1069 2149 1202 2231 aceedit,
1222 2150 1292 2232 jam
1307 2151 1393 2234 viget

268 2250 302 2313 in
331 2249 388 2312 illo
418 2245 652 2334 ἀμαθέστεροι
681 2251 747 2314 τῶν
777 2246 888 2330 νόμων
912 2245 1064 2328 ἀξιοῦσιν
1088 2243 1175 2313 εἶναι
1198 2248 1391 2329 (Thestii,

269 2349 320 2427 37,
345 2344 378 2429 5)
402 2351 434 2409 et
455 2346 490 2410 in
511 2347 561 2413 his
577 2367 703 2430 quoqne
717 2347 805 2427 loeis,
828 2346 884 2410 nbi
898 2345 1002 2428 magis
1017 2365 1076 2428 per
1090 2344 1276 2430 εἰρωνείαν,
1300 2365 1391 2428 quam

178 2437 187 2450 '
270 2443 385 2510 Graeoi
406 2451 532 2526 vooant,
556 2446 737 2526 adhibetur,
760 2445 806 2508 ita
827 2449 863 2508 ut
884 2443 970 2509 idem
985 2443 1094 2508 valeat
1114 2462 1152 2507 ao
1167 2449 1312 2508 nostrum
1327 2443 1392 2508 sioh
1499 2442 1502 2471 ²

268 2542 541 2624 herausnehmen,
575 2543 712 2607 latinum
741 2540 876 2606 andere:
914 2541 939 2622 Ι,
966 2543 1041 2620 132,
1076 2543 1095 2601 2
1124 2535 1154 2616 (ὁ
1182 2542 1391 2618 Παυσανίας)

271 2635 416 2725 ἠξίωσεν
445 2637 712 2724 ἓπιγράψασθαι
742 2636 843 2715 αὐτὸς
873 2636 945 2723 idio
966 2637 1004 2701 τὸ
1029 2635 1176 2720 ἐλεγεῖον
1199 2635 1289 2703 ιόάε.
1335 2639 1391 2716 ΙΙΙ,

270 2740 320 2817 39,
351 2739 370 2800 3
401 2733 494 2815 ἰσχὺν
518 2729 723 2817 ἀξιώσαντες
755 2742 816 2800 τοῦ
845 2735 978 2800 dorotea
1007 2739 1203 2820 προθεῖναι.
1241 2737 1265 2817 Ι,
1290 2739 1341 2818 42,
1365 2739 1392 2799 2.

267 2834 311 2913 ΙΙ,
340 2837 390 2910 42,
421 2835 450 2896 3.
480 2833 534 2914 IV,
560 2837 630 2914 122,
660 2837 690 2899 3.
721 2838 772 2916 65,
803 2838 831 2896 4.
861 2833 933 2915 VII,
957 2835 1008 2914 63,
1033 2837 1062 2898 3.
1106 2833 1180 2898 Jarn
1202 2834 1286 2899 inest
1307 2833 1392 2898 notio

269 2929 446 2996 voluntatis
467 2929 503 2993 in
525 2929 682 3012 ejusmodi
704 2930 887 2996 sententiis:
911 2928 1041 3017 ἠξίωσα
1056 2927 1200 3016 γράφειν
1225 2929 1264 3014 (Ι,
1282 2934 1333 3013 22,
1351 2929 1392 3015 2),

268 3028 308 3094 oi.
343 3029 401 3110 ΙΙΙ,
427 3031 477 3108 55,
504 3032 530 3091 1.
569 3028 641 3104 VII,
665 3033 694 3110 5,
719 3033 754 3111 4,
791 3047 922 3111 prorsus
953 3027 1091 3109 denique
1123 3028 1209 3094 idem
1239 3029 1394 3111 estquod

269 3127 435 3213 βούλομαι
456 3127 482 3209 Ι,
507 3130 556 3203 74,
573 3119 613 3211 2βὲ
635 3121 826 3210 ἠξιώσαμεν
849 3173 857 3188 .
881 3175 888 3189 .
913 3175 920 3189 .
942 3122 1026 3212 μηδ’
1052 3121 1098 3201 dg
1112 3127 1295 3208 προλιπεῖν
1310 3125 1393 3213 μηδὲ

270 3219 1393 3310 -mmmtrmaamaamnssomramn

107 3305 148 3393 .’
271 3323 1394 3406 mammmmmmemmmmammn

271 3417 1391 3514 amnemammmnvmmamnmn

272 3519 322 3598 89,
347 3522 366 3581 4
389 3522 421 3582 et
443 3517 492 3581 bis
516 3512 575 3580 σάκ
600 3511 720 3594 ἀξιόωτ
743 3515 769 3597 Ι,
797 3519 865 3597 162,
890 3521 907 3581 3
932 3522 964 3581 et
979 3515 1038 3596 ΙΙΙ,
1063 3519 1114 3598 61,
1139 3519 1166 3579 2.
1198 3516 1248 3580 De
1263 3515 1392 3599 petendi

197 3635 200 3640 ¹
272 3620 303 3679 et
340 3613 524 3696 postulandi
561 3609 794 3694 significatione
826 3613 971 3695 ejusdem
1004 3612 1095 3677 verbi
1128 3611 1211 3676 infra
1244 3612 1393 3678 dioemns.

271 3709 422 3776 Δικαιόω
450 3732 521 3776 oum
549 3710 707 3776 infinitivo
735 3712 916 3793 praesentis
938 3710 1142 3792 conjunctum
1166 3716 1214 3774 est
1235 3710 1278 3792 ΙΙ,
1303 3714 1352 3793 67,
1376 3714 1393 3772 4

270 3814 306 3874 et
327 3809 370 3891 ΙΙ,
395 3811 445 3890 61,
470 3813 487 3874 3
512 3806 598 3893 (bis),
622 3828 692 3873 oum
713 3808 823 3874 aoristi
843 3806 1002 3872 infinitivo
1025 3808 1067 3888 II,
1092 3811 1142 3890 41,
1166 3812 1206 3894 2.,
