2972 4868
437 447 470 504 de
488 447 701 518 reduplicatione
718 463 823 516 graece.
1121 445 1184 508 311

76 621 127 687 etsi
157 619 223 686 fieri
254 621 357 703 potnit
389 627 424 686 ιιι
455 620 499 688 ud
527 620 720 702 reliquorum
752 619 992 688 similitudinem
1022 619 1184 703 ejusmodi

74 719 163 784 verba
184 724 357 800 orerentur,
387 718 537 786 videntur
558 717 631 784 ialsi
659 735 730 784 esse
752 718 806 800 qui
833 718 899 784 tole
922 717 999 802 quid
1020 717 1186 800 hueusque

71 820 248 882 statuerunt.
292 816 375 882 Nam
404 861 408 876 .
574 809 579 822 '

147 911 487 998 βαμβακεύτριαι
508 919 635 996 praeter
650 911 812 978 altamira
829 912 849 978 i.
866 931 895 995 q.
913 915 1182 998 φαρμακιστριαι

72 1009 149 1090 Hes,
171 1009 209 1076 oi.
232 1010 365 1078 Bekker
387 1010 509 1076 Aneod.
526 1013 576 1091 85,
600 1013 639 1074 27
662 1007 860 1093 βαμβακοιλς
882 1007 960 1086 τοὺς
983 1005 1183 1094 φαρμακοὺς

72 1109 198 1184 Κίλικες
219 1108 385 1192 λέγουσιν,
413 1127 479 1174 non
502 1111 550 1172 ost
572 1106 689 1172 radiois
711 1105 878 1190 eujusdam
901 1105 1084 1189 duplicatae
1105 1111 1183 1189 βακ,

72 1205 121 1270 sod
150 1210 233 1274 route
262 1204 387 1270 videtur
415 1206 492 1270 Ahr.
522 1203 589 1270 dor.
614 1207 654 1270 86
684 1203 746 1270 huo
774 1203 936 1270 rettulisse
963 1202 1079 1286 βάμβα
1107 1203 1128 1268 i.
1150 1223 1184 1286 q.

71 1299 188 1384 βάμμα·

147 1397 438 1484 βαμβακύζειν
467 1396 551 1481 quod
581 1397 697 1480 legitur
725 1397 917 1481 Hipponaet.
945 1397 982 1462 ir.
1009 1400 1044 1461 17
1077 1394 1182 1481 (Bai)

71 1495 196 1564 fortasse
218 1503 416 1580 corruptum,
449 1514 515 1560 non
545 1500 594 1560 est
623 1493 740 1562 radiois
768 1494 934 1578 enjusdam
956 1494 1087 1577 ignotae
1115 1499 1180 1578 βακ

70 1600 100 1658 ιιι
119 1595 185 1660 vult
206 1593 446 1660 Hainsbaohiur
468 1613 498 1676 p.
526 1596 574 1673 12,
597 1591 656 1660 sed
678 1613 742 1658 una
765 1610 835 1658 oum
858 1589 1060 1675 βαμβαλύζω
1084 1591 1182 1674 (quod

70 1690 133 1756 tort.
155 1692 224 1775 ojus
247 1693 317 1758 looo
339 1687 586 1766 restituendum}
610 1689 749 1774 pertinet
771 1688 814 1756 ad
835 1693 1013 1772 βαμβαινω
1037 1687 1081 1772 (ξ.
1099 1688 1181 1773 5Α).

146 1785 331 1873 γογγύζω
362 1795 410 1856 est
437 1785 650 1872 yoy-yvy-j-ur
679 1793 809 1854 auotore
832 1787 870 1852 G.
895 1785 1003 1854 Curtio
1029 1787 1084 1854 Νι.
1109 1791 1181 1853 642.

70 1885 113 1952 Do
133 1907 193 1969 quo
214 1887 314 1954 verbo
337 1885 478 1952 dicemus
500 1885 530 1963 ξ.
548 1888 573 1948 ·5
586 1884 624 1948 A.
759 1923 761 1932 ,

147 1984 382 2068 καγκαλέος
414 1987 488 2050 sunt
516 1981 570 2063 qui
598 1988 711 2064 putent
738 1999 809 2048 osse
841 1979 1079 2065 aoy-aus-itog
1112 2001 1182 2048 oum

70 2079 166 2163 Etym.
189 2081 325 2164 Magno:
356 2076 519 2162 κάγκανον
549 2077 642 2164 παρὰ
664 2077 702 2144 τὸ
726 2083 811 2146 καίω
834 2073 911 2143 κατ’
936 2072 1184 2144 donominatu-

72 2175 147 2257 σμὸν
170 2179 227 2244 καὶ
249 2178 453 2261 πλεονασμῷ
470 2181 529 2242 τοῦ
545 2199 573 2259 y.
618 2175 685 2244 Sed
705 2176 794 2242 voois
816 2173 960 2242 membra
982 2175 1183 2258 καγκ-αλέος

70 2275 239 2358 colligimus
255 2295 296 2342 ex
318 2269 506 2359 ἁρπ-αλέος
529 2273 714 2359 (λων-αλιος
737 2281 768 2340 ot
782 2271 913 2338 Homeri
934 2270 1203 2355 πολιν-καγκ-έα,

71 2369 166 2456 δίψαν
200 2379 241 2438 Λ
263 2376 340 2454 642,
378 2371 416 2436 of.
440 2371 719 2454 πολν-καγκ-έος·
759 2366 962 2454 πολνξήρον,
1002 2374 1183 2453 καγκ-ομέ-

70 2487 137 2556 rog·
161 2472 274 2557 Ιξηρᾶς
303 2474 350 2554 τῷ
380 2465 478 2554 φόβῳ
501 2466 743 2556 (anhelandoi)
773 2466 849 2534 Hes.
894 2465 987 2544 Quod
1016 2490 1099 2551 καγκ
1129 2486 1183 2532 our

69 2584 175 2649 negem
204 2565 319 2634 eodem
347 2565 443 2630 modo
472 2585 510 2630 ao
538 2588 622 2648 καρκ
646 2583 664 2630 e
686 2589 812 2652 καρκαρ
841 2573 943 2632 ortum
970 2583 1082 2632 essee
1104 2587 1184 2647 καγ-

69 2685 127 2728 καν
148 2683 308 2748 exponam
333 2663 416 2730 inira
438 2664 467 2742 §.
492 2661 564 2726 uA.

147 2759 336 2848 καγχάζω
367 2761 502 2842 Hugono
531 2757 668 2825 Webero
706 2757 784 2843 (KZ.
817 2765 870 2843 10,
895 2758 971 2844 2¹59)
1008 2759 1184 2842 interprete

70 2864 163 2923 ortum
198 2866 247 2926 ost
280 2879 320 2924 ex
349 2857 430 2920 tota
463 2855 702 2938 (‚,Naturlaut“)
735 2857 839 2923 nasali
872 2856 995 2922 intento
1029 2857 1181 2940 (καγ-χα).

68 2955 238 3041 irrepsisse.
259 2961 365 3022 autem
393 2955 538 3020 naualem
567 2973 608 3020 ex
638 2972 677 3018 ea
706 2974 788 3037 quae
820 2954 1023 3036 subsequitur
1055 2954 1183 3039 syllaba

70 3049 156 3120 dooot
176 3053 373 3138 Hesyohius:
397 3049 567 3133 καχνάζει·
591 3047 744 3128 ἀτάκτως
765 3050 847 3138 γελᾷ
869 3050 914 3136 (v.
938 3053 966 3132 ᾖ.
992 3049 1075 3136 5Α).

146 3147 327 3236 κιγχάνω
365 3168 383 3214 e
411 3149 520 3216 radios
548 3147 687 3232 quadam
720 3173 763 3230 χα
791 3149 907 3214 dueore
934 3149 1036 3214 voluit
1064 3148 1181 3214 Buttm.

69 3245 150 3314 Aust.
173 3247 314 3314 Gramm.
337 3248 396 3328 112,
420 3249 481 3312 218
516 3244 670 3331 (ary-xo).
715 3246 781 3312 Sed
809 3268 866 3313 suo
891 3247 965 3330 juro
993 3244 1182 3312 adversatus

70 3351 113 3408 est
133 3345 212 3412 Lob.
234 3343 276 3410 ad
299 3345 321 3408 l.
345 3351 376 3410 ot
397 3345 448 3410 El.
471 3344 496 3424 1,
522 3347 591 3408 157.
636 3343 741 3408 Radix
764 3345 848 3412 enim
871 3351 920 3410 est
941 3367 995 3424 κιχ
1011 3340 1180 3422 (ἕ-κιχ-ον)

69 3438 98 3504 in
132 3461 226 3524 quam
261 3441 383 3508 nasalis
426 3440 539 3507 eadem
581 3438 636 3506 'via
677 3441 804 3526 irrepsit
847 3462 910 3525 qua
951 3442 986 3506 in
1022 3436 1180 3522 λαμβάνω

32 3616 35 3628 .
70 3535 108 3619 (J.
131 3538 285 3618 Sohmidt,
309 3537 509 3604 Vooalismus
531 3559 562 3622 p.
586 3538 651 3623 32).

146 3638 311 3721 πέμφιξ
333 3642 434 3702 ortum
458 3655 529 3704 esse
552 3654 592 3702 ex
615 3637 796 3722 πεμ-φυ-ξ,
819 3635 958 3702 radicem
980 3640 1088 3700 autem
1110 3651 1181 3699 esse

71 3753 112 3814 uo
140 3734 208 3798 vult
236 3734 275 3800 G.
299 3731 425 3800 Curtius
455 3733 610 3799 (λιιιιιιιι.4
639 3755 670 3817 p.
693 3737 765 3799 708.
810 3732 868 3800 Oui
896 3733 942 3798 rei
971 3731 1048 3815 qnid
1076 3729 1181 3798 obstet

70 3830 231 3910 apparebit
253 3833 282 3910 ξ.
307 3837 325 3895 5
348 3830 489 3896 adeunti.

150 3927 183 4007 3)
206 3926 423 3994 consonarum
438 3927 629 4010 liquidarum
643 3946 715 4014 oum
732 3927 896 3993 nasalibus
911 3945 951 3992 ea
963 3933 1016 3992 est
1030 3923 1179 4006 affinitas,

71 4024 244 4106 urgereris
265 4024 428 4107 utriusque
456 4025 497 4092 sit
523 4032 638 4092 natura
660 4022 807 4090 durativa
829 4043 911 4106 quae
932 4043 1017 4090 nuno
1038 4029 1179 4116 rotatur,

922 4125 953 4177 λι
962 4122 978 4156 *
