2958 4868
349 429 390 484 De
408 430 540 486 vocalium
558 443 716 500 graecarum
734 429 904 502 hyphaoresi.
1150 428 1192 492 97

153 603 274 666 Atticos
307 621 434 686 semper
470 603 605 668 alteram
643 625 658 667 s
698 607 768 670 oum
805 602 1083 672 terminationibus
1119 623 1192 671 oon·

77 699 200 768 traxisse
223 721 287 766 non
310 707 359 768 est
381 698 466 783 quod
489 720 665 784 exponam3
689 701 747 766 sed
762 709 826 768 tres
841 707 950 768 tamon
965 700 1086 768 formae
1108 721 1191 768 oom-

77 797 291 866 nemorandae
312 804 396 880 sunt,
419 797 452 862 in
475 797 590 880 quibus
613 797 824 881 bypbaeresis
844 799 978 866 alterius
993 823 1008 864 ε
1023 799 1110 866 laeta
1124 806 1190 884 est3

77 895 129 961 bae
163 903 251 962 sunt:
284 895 451 962 venativas
487 914 581 960 oasus
608 889 792 979 Ἥρααλας,
829 917 891 980 quo
919 902 1064 964 recentes
1093 897 1192 964 Attioi

78 1000 195 1058 utuntur
217 1015 274 1078 pro
294 989 474 1079 Ἡράκλεες
498 989 551 1076 (ef.
573 992 651 1058 Lob.
674 991 716 1058 ad
732 994 852 1078 Phryn.
869 997 930 1059 640
946 993 1025 1078 νη),
1048 996 1192 1062 nomina·

78 1091 151 1158 tirus
172 1091 307 1174 pluralis
322 1090 446 1156 numeri
459 1084 637 1174 Ἡρακλέας
652 1111 709 1174 pro
722 1086 921 1175 Ἡρακλέεες
943 1091 1038 1174 (Plat.
1054 1093 1189 1160 Theaet.

80 1191 129 1252 169
151 1187 201 1274 Β.)
210 1237 218 1272 ,
257 1189 457 1254 aecusativus
485 1188 566 1266 sing.
596 1183 715 1254 εὐκλέα
745 1189 842 1272 Sopb.
866 1187 902 1256 Ο.
928 1191 965 1256 R.
991 1193 1066 1268 161,
1096 1209 1190 1272 quem

76 1303 110 1350 en
137 1285 273 1352 dialeeto
302 1286 395 1370 epioa
424 1285 600 1368 Sopboolos
628 1287 801 1370 assumpsit
834 1286 884 1360 (ol.
908 1286 1018 1354 Gerth.
1045 1285 1137 1354 Stud.
1160 1289 1187 1370 Ι,

77 1385 92 1444 2
196 1433 203 1450 .

94 1431 101 1464 '
122 1387 316 1548 25Iggliouum
340 1487 399 1563 est,
422 1487 456 1546 ut
471 1499 672 1564 quaeramus,
695 1488 766 1546 utra
781 1505 796 1546 ε
813 1482 855 1548 sit
876 1481 966 1548 elisa.
1000 1481 1078 1550 Sine
1093 1483 1190 1550 dubio

75 1596 109 1644 ea
129 1580 247 1646 vooalis
270 1579 403 1662 ejioitur,
428 1597 510 1661 quae
528 1585 604 1644 ante
626 1579 884 1646 terminationem
906 1579 1011 1663 posita
1033 1587 1092 1662 est,
1114 1601 1199 1646 uam·

76 1681 104 1740 ut
124 1677 201 1744 haee
229 1677 264 1742 in
293 1676 429 1744 dialeoto
459 1676 558 1742 attioa
587 1696 658 1742 eum
687 1677 965 1744 terminationibus
993 1677 1190 1744 contrabitur

75 1772 103 1838 in
125 1795 218 1840 unam
248 1775 426 1858 syllabam,
457 1774 503 1840 sio
531 1772 646 1840 eadem
674 1773 708 1840 in
735 1776 848 1842 oeteris
877 1774 1023 1842 dialectis
1052 1775 1190 1860 synizesi
1262 1795 1266 1806 ·

75 1871 270 1954 conjungitur
291 1891 362 1938 eum
384 1870 671 1938 terminationibus.

150 1973 177 2034 l.
222 1967 354 2054 νηλεης.

149 2068 186 2132 In
209 2064 312 2154 νηλής
335 2087 392 2150 pro
416 2065 536 2152 νηλεης
558 2065 777 2150 bypbaeresin
796 2068 959 2134 'venalis-s
976 2067 1091 2134 tautam
1108 2087 1189 2150 esse,

71 2162 130 2245 jam
151 2185 248 2249 supra
271 2165 469 2248 negavimus,
493 2163 551 2230 sed
573 2171 608 2228 ut
630 2163 760 2230 θεοόέα
775 2183 815 2230 ex
830 2163 978 2232 deodato
1001 2171 1105 2232 ortum
1120 2185 1190 2234 esse

76 2261 280 2330 intelleximus
288 2310 296 2344 ‚
327 2263 372 2327 sio
402 2263 498 2327 otiam
526 2263 561 2326 in
583 2261 710 2328 nasibus
733 2261 871 2343 obliquis
893 2263 1045 2345 adjectivi
1070 2261 1190 2350 νηλεής
1258 2283 1260 2292 ’

76 2356 275 2442 bypbaeresis
297 2359 470 2426 statuenda
493 2365 551 2425 est.
587 2359 728 2424 Primum
751 2358 838 2442 apud
856 2359 1030 2426 Homerum
1052 2381 1189 2445 semper,

75 2454 102 2518 id
115 2464 286 2541 estquater
300 2463 332 2522 et
347 2457 456 2540 vioies,
479 2457 573 2543 νηλέ·ιΙ
595 2455 783 2542 proruisti
804 2457 950 2540 legimus,
972 2459 1190 2526 aeousativum

76 2554 164 2638 νηλέα
190 2563 220 2619 Τ
241 2558 320 2638 229,
353 2555 386 2620 in
409 2555 440 2620 h.
466 2555 500 2619 in
523 2555 617 2620 Mero.
642 2557 720 2631 385;
754 2561 820 2619 tum
843 2552 977 2620 eaedem
999 2555 1120 2622 formae
1142 2575 1190 2622 re-

75 2651 228 2732 periuntur
253 2659 285 2719 et
312 2652 400 2736 apud
422 2651 607 2733 Hesiodum,
638 2671 665 2717 e.
688 2651 842 2738 ς.,νηλέ·ι’
869 2652 914 2716 th.
938 2657 1010 2733 316,
1040 2658 1072 2718 et
1100 2653 1188 2737 apud

78 2747 237 2816 Pindarum
268 2751 368 2837 νηλέα
397 2751 431 2814 Ρ.
455 2750 479 2832 Ι,
504 2752 555 2813 95.
601 2749 707 2813 Etiam
735 2749 768 2813 in
797 2737 896 2816 attiea
924 2747 1062 2816 dialeeto
1085 2757 1191 2818 exmat

75 2844 165 2912 torma
193 2846 296 2936 νηλέα
326 2847 436 2931 (Sopb.
464 2845 501 2912 Ο.
530 2848 567 2912 R.
595 2850 680 2926 180),
720 2845 760 2912 de
789 2865 852 2928 qua
880 2843 966 2912 idem
994 2847 1190 2914 censendum

75 2945 219 3027 estquod
242 2945 284 3011 de
308 2941 426 3010 εὐκλέᾶ
455 2942 508 3030 (αλ
533 2944 643 3011 Gertb.
666 2946 688 3008 l.
711 2942 759 3029 1.).
973 2941 977 2956 ’

152 3048 180 3106 5.
234 3043 313 3118 ‘doe

150 3069 243 3204 Imm?
265 3141 398 3206 Bekker
422 3137 551 3224 (,‚Hom.
574 3139 720 3205 Blatter·“
742 3140 768 3218 Ι,
793 3137 869 3224 223)
893 3139 939 3205 eis
962 3139 1079 3222 verbis,
1109 3158 1191 3222 quae

76 3235 377 3320 sindeelinatione
399 3237 486 3322 apud
508 3238 682 3302 Homerum
704 3237 880 3318 omiserint,
904 3241 1095 3302 annumerat
1117 3234 1191 3322 ἐυρ-

77 3343 158 3412 orior
179 3337 232 3400 vel
256 3333 415 3422 έαρρῆας,
445 3335 495 3400 oui
524 3335 672 3401 assentiri
695 3355 761 3400 non
783 3353 922 3417 possum.
967 3333 1052 3400 Nam
1073 3353 1191 3402 nomen

77 3425 144 3510 ῥέος
164 3433 380 3498 renouandum
393 3439 458 3498 est
486 3431 528 3497 ad
550 3432 682 3516 stirpem
705 3433 818 3519 (ier-or
846 3431 897 3508 (of.
920 3429 1083 3512 ‚,Grda.“³
1105 3434 1190 3514 328),

78 3544 165 3610 aqua
186 3530 383 3614 adjectivum
405 3527 608 3614 iar-oosr-sc,
632 3527 774 3615 ἕνρρεής
797 3528 976 3595 derivatum
999 3534 1057 3607 est,
1080 3535 1115 3593 ut
1137 3524 1191 3593 εὖ·

80 3741 172 3805 sumo,
194 3725 270 3791 inde
292 3734 348 3791 aut
369 3723 582 3811 ὲυ-ρρη-ε·ος
605 3723 748 3811 donabor
770 3723 839 3790 fieri
861 3722 964 3806 potuit
978 3745 1000 3786 ν
1014 3742 1086 3788 oum
1109 3743 1191 3789 oom-

79 3821 257 3895 oeusatione
284 3823 380 3904 elisa,
411 3830 467 3888 aut
489 3821 641 3908 έαρρεῑας
669 3846 690 3885 r
718 3826 794 3887 ote
823 3820 934 3904 ejeotis
969 3828 1003 3896 ,et
1032 3845 1066 3888 as
1095 3823 1129 3886 in
1159 3845 1191 3886 ει

79 3920 246 3985 eontraotis.
298 3920 388 4000 Quae
415 3921 536 3986 vooalis
564 3919 660 4002 igitur
687 3918 721 3983 in
743 3918 844 3984 forma
874 3916 1016 4004 ἕνρρῆος
1039 3917 1095 3985 vel¹
1115 3917 1192 4003 ἐνρ-

81 4021 161 4090 ρεῑας
183 4017 286 4100 ejeota
307 4017 362 4100 sit,
386 4037 450 4084 non
473 4018 637 4098 intellego.

126 4128 254 4182 Curtius,
271 4135 361 4175 Studien
375 4135 413 4176 Vl.
969 4120 983 4170 7
