2972 4868
248 405 310 468 286
744 409 885 468 Fritcsolre

242 585 442 668 paparium
476 583 498 648 i.
521 603 551 666 q.
584 584 658 667 puls
693 586 828 666 [patrem
857 583 1004 668 (Papam)
1041 583 1127 650 enim
1163 581 1368 650 aeclesiastici

246 689 370 746 tantum
407 683 576 764 scriptores
604 679 718 747 eadem
746 699 826 746 vooo
853 684 993 763 (graeca)
1026 684 1233 764 nuncupanti.
1262 681 1367 760 Quare

246 779 399 844 falluntur
422 779 476 860 qui
495 799 538 863 pu
560 777 670 860 (tueri)
693 777 834 844 radicem
853 778 927 844 huic
942 778 1013 844 voci
1028 779 1171 844 tribuunt
1192 776 1366 862 (F.2118);

245 897 321 946 nam
351 875 435 960 quod
465 872 577 960 πατήρ
606 875 658 958 (R.
679 872 736 958 pa)
772 882 806 942 et
834 870 980 952 πάππας
1007 877 1104 942 ambo
1130 899 1181 940 πα
1209 875 1368 960 syllabam

245 973 399 1040 exhibent
426 973 545 1038 laetum
567 980 615 1038 est
635 971 713 1037 inde
736 971 821 1054 quod
843 980 995 1056 parentes
1016 973 1172 1038 infantem
1195 972 1369 1038 docuerunt

246 1091 285 1136 ca
308 1091 403 1154 quam
425 1070 527 1137 edidit
549 1089 628 1136 voce
649 1069 778 1134 πάππα
800 1079 925 1153 patrem
947 1067 1080 1154 (μάμμα
1102 1070 1250 1152 matrem)
1271 1071 1369 1154 signi·
1477 1124 1478 1131 ,

244 1167 339 1236 ficare
361 1169 402 1232 ob
425 1168 622 1251 syllabarum
644 1167 896 1234 similitudinem.

330 1264 583 1344 πι-πί·ζ-ω·
621 1263 705 1330 κατὰ
741 1269 882 1351 μίμησιν
911 1272 972 1352 τῆς
999 1271 1066 1330 τῶν
1097 1260 1222 1348 ὀρνέων
1250 1271 1369 1350 φωνῆς

244 1364 319 1430 Hes.
343 1363 397 1447 (ei.
414 1361 568 1442 σπί-ζ-ω,
592 1360 745 1446 orel-cog)
768 1363 822 1426 Ar.
837 1363 897 1428 AV.
914 1366 974 1428 307
998 1364 1160 1445 geminato
1182 1387 1210 1428 π
1225 1360 1369 1446 (πιππί-

246 1461 328 1545 ζειν)
357 1461 483 1542 legitur.
520 1473 562 1506 ’-
598 1461 668 1526 Lat.
694 1460 866 1544 pepi-ure,
892 1459 1078 1544 μηνί-οὑν),
1115 1479 1175 1525 scr.
1199 1458 1367 1544 pi-ppi-lcu.

244 1559 360 1642 Pipr‘w
382 1558 588 1640 substantivi,
619 1578 681 1641 quo
704 1557 835 1622 Hieron.
863 1577 914 1640 ep.
938 1561 993 1640 22,
1017 1561 1058 1623 28
1086 1557 1250 1641 pipionem
1271 1557 1370 1640 signi·

243 1655 365 1736 licerit,
398 1675 462 1720 non
489 1656 646 1738 reperitur
674 1655 833 1720 Graecum
862 1654 1069 1739 archetypon.
1112 1665 1255 1732 πῑπ-ο-ς
1282 1655 1368 1721 inira

241 1753 437 1818 tractabitur.
543 1773 548 1782 ·

328 1848 500 1914 πν-ππύ
510 1849 553 1929 -ζ
558 1874 626 1924 -ω,
649 1846 923 1930 ποππυ-λι-άζω,
936 1870 1087 1934 poppyzo
1103 1847 1250 1932 (verbum
1266 1850 1385 1932 latins

243 1955 368 2013 vertere
383 1967 442 2014 uec
459 1947 608 2014 debuisse
623 1965 683 2012 nec
698 1946 840 2030 potuisse
856 1947 1032 2030 Vergilium
1044 1945 1169 2029 judicat
1185 1945 1269 2012 Geli.
1280 1949 1311 2028 9,
1321 1947 1365 2030 9),

237 2043 467 2127 πὸππνσμός,
497 2043 691 2126 πόππυσμα
714 2064 755 2110 cx
782 2044 1005 2126 interjectione
1028 2043 1168 2126 quadam
1190 2050 1261 2110 orta
1281 2053 1366 2112 sunt.

241 2163 272 2206 v.
295 2140 507 2222 πνππ-άζειν
529 2143 621 2208 inira.

328 2239 667 2324 σι-σι-λι-γ-μός
704 2237 834 2321 J(Sohol.
865 2263 877 2302 ι
906 2238 982 2322 394)
1029 2249 1060 2306 el
1102 2237 1364 2322 σι-σι-λι-σ-μός

242 2335 360 2421 (Eust.)
382 2337 468 2404 idem
491 2347 540 2405 est
562 2360 600 2404 ac
623 2335 761 2423 σιγ-μός
784 2335 944 2422 (aristot.)
972 2339 1025 2406 vel
1049 2333 1206 2417 σι-σ-μός
1236 2335 1362 2420 (Suis),

241 2455 325 2518 quae
348 2443 421 2501 suut
443 2437 533 2502 verbi
557 2437 683 2516 σι’-ζ-ω,
706 2437 847 2502 sibilare.
876 2473 918 2482 -
947 2433 1162 2514 (sororcula).
1185 2469 1228 2479 —
1251 2434 1288 2499 ci.
1313 2456 1362 2499 σι-

241 2537 412 2620 σί-λαρος·
435 2533 567 2618 πέρδιξ.
591 2539 758 2618 Περναῐοι
782 2534 857 2600 Hes.

325 2632 452 2698 τά-τα
477 2630 587 2715 (suth.
615 2637 662 2714 11,
687 2635 750 2712 67),
777 2637 903 2708 νέ-ττα,
925 2637 1027 2714 paler,
1050 2630 1089 2696 ci.
1113 2651 1172 2696 scr.
1196 2635 1358 2704 turaias

241 2735 330 2803 tri-to,
353 2731 400 2795 lit.
424 2739 513 2804 tir-to,
537 2729 691 2813 palaeosl.
708 2739 798 2802 to-to,
823 2729 1038 2812 palaeogerm.
1055 2737 1136 2791 tc-lo
1158 2737 1260 2812 pater,
1284 2733 1358 2792 to-at

238 2836 351 2908 mator,
375 2828 528 2894 deminui.
544 2846 602 2892 scr.
621 2828 759 2908 tut-tolo,
782 2827 839 2902 lat.
862 2827 1001 2890 tc-to-lu.
1036 2825 1138 2892 Voces
1159 2829 1357 2910 germanicae

238 2945 293 2992 cur
316 2925 462 2990 Grimmii
483 2925 588 3006 legem
611 2945 676 2990 non
699 2933 873 3006 sequantur
893 2924 989 2988 facile
1009 2923 1210 3006 perspicitur.

324 3021 481 3100 τῑ-νί-ζ
488 3045 556 3097 -ω,
591 3023 676 3104 quod
704 3022 888 3089 Zenodotus
918 3019 1056 3086 Homero
1088 3021 1229 3088 tribuere
1262 3021 1356 3088 voluit

240 3121 362 3205 (Schol.
385 3121 412 3184 B
436 3118 512 3201 314)
550 3126 598 3184 est
628 3139 699 3186 eam
728 3139 839 3186 vocem
868 3118 965 3184 edere
991 3137 1086 3198 quam
1121 3117 1238 3184 ludens
1266 3117 1355 3202 signi-

238 3219 344 3286 ficavit
360 3217 609 3299 Aristophanes:
632 3219 979 3282 τινιτιτιτινιτιτιτίνα
994 3212 1092 3297 λόγον
1109 3221 1169 3280 ete.
1186 3215 1258 3298 (Av.
1274 3212 1353 3297 315).

238 3314 453 3396 τι-τν-βίζειν
482 3313 617 3380 fortasse
645 3313 891 3378 dissimilatione
921 3306 1077 3376 mutatum
1098 3320 1147 3378 est
1175 3333 1218 3378 ne
1247 3313 1351 3378 triac

239 3413 375 3480 subinde
397 3411 584 3476 audirentur
607 3409 788 3495 [turri-cog
810 3411 863 3493 (ci.
882 3407 1046 3496 κακκάβη)
1060 3443 1102 3462 --
1117 3431 1178 3476 scr.
1201 3399 1349 3492 litii-birci

325 3507 498 3575 Tr-co—o'
508 3533 524 3584 ς
549 3508 648 3589 Gigas
670 3529 787 3576 nomen
804 3509 897 3574 duxit
910 3527 929 3573 e
943 3507 1053 3572 radice
1067 3531 1105 3572 τυ
1130 3505 1180 3591 (O.
1199 3509 1255 3573 Nr.
1270 3505 1348 3590 247),

237 3628 295 3674 scr.
319 3619 362 3686 tc,
384 3614 516 3688 tumere,
541 3608 705 3674 robustum
727 3627 808 3686 esse,
832 3627 850 3671 e
872 3625 934 3688 qua
957 3612 1124 3670 creverunt
1146 3625 1206 3670 scr.
1229 3607 1304 3668 tuo-i
1320 3608 1348 3667 et

237 3705 322 3787 quod
344 3704 430 3770 idem
459 3705 524 3770 fere
549 3704 705 3787 significat
732 3705 827 3780 ταῢς·
862 3709 976 3786 μέγας.
1009 3700 1116 3780 πολύς
1145 3709 1190 3782 (et
1217 3702 1344 3775 ταῢσας·

236 3799 434 3884 paccatas
457 3801 532 3868 Hes.
556 3837 598 3848 -
621 3801 667 3867 cf.
684 3821 742 3868 sor.
760 3804 908 3864 tot-to-mc
930 3799 1117 3880 abundans,
1141 3807 1174 3865 et
1196 3799 1278 3882 quod
1297 3797 1344 3862 illc

236 3899 271 3964 in
293 3897 373 3964 Orco
396 3895 454 3964 ἐπ’
468 3896 691 3977 ’ἕννένκεῖνο
714 3899 871 3982 πέλεθρα
894 3897 912 3960 λ
935 3899 1007 3960 577.
