2958 4868
292 437 352 500 170
786 441 915 510 Mangold

373 613 523 680 Fortasse
545 613 642 680 etiam
665 601 860 696 Κρονῖωνος
891 619 921 678 Φ
946 617 1015 680 184.
1039 617 1110 680 230.
1140 614 1194 700 luy.
1217 615 1314 680 llere.
1337 618 1401 679 214.

289 715 350 776 230
372 710 486 778 eadem
507 709 632 778 renone
654 730 673 776 ο
693 699 877 794 Κρονίονος
899 711 931 780 Ξ
952 715 1023 793 247,
1046 711 1066 776 t
1089 714 1150 776 619
1173 719 1277 778 ortum
1299 719 1356 780 est.

324 865 327 874 .
374 808 464 888 Quae
484 807 592 874 adhue
613 808 749 872 tractavi
763 809 913 894 exempla
927 810 1035 875 omnia
1049 811 1095 876 ita
1117 819 1191 876 sunt
1212 818 1400 894 comparata,

287 913 324 972 ut
344 908 473 972 vooales
501 905 637 972 affeetae
665 905 785 972 diversi
809 907 939 988 generis
970 907 1044 972 sint.
1088 909 1129 972 Et
1151 907 1281 989 quidem
1303 908 1401 973 omniu

288 1025 327 1072 ea
348 1011 432 1085 sunt,
456 1024 588 1086 quorum
610 1003 697 1086 prior
718 1005 840 1070 vooalis
862 1010 935 1086 post
957 1005 1238 1090 transpositionem
1261 1005 1303 1072 sit
1325 1031 1337 1070 ι
1357 1006 1401 1072 rol

288 1127 315 1168 r.
359 1101 446 1182 Quas
467 1120 502 1168 re
524 1121 602 1168 vera
624 1122 689 1166 nou
711 1108 746 1166 ut
772 1103 918 1184 voeales,
956 1102 1014 1168 sed
1041 1109 1208 1185 utramque
1234 1110 1270 1168 ut
1290 1103 1316 1186 j
1341 1124 1402 1186 pro-

286 1201 449 1266 nuntiatas
472 1219 543 1266 esse
576 1233 621 1276 1-
657 1217 756 1282 saepe
785 1199 870 1266 enim
894 1223 909 1264 ε
939 1206 971 1264 et
1001 1224 1012 1264 ι
1041 1220 1099 1283 pro
1123 1201 1143 1278 j
1163 1201 1304 1284 scriptae
1326 1207 1401 1280 sunt,

287 1297 373 1364 Ourt.
396 1299 447 1364 El.
471 1298 546 1362 ΕΗ
569 1300 629 1362 553
653 1316 722 1378 sqq.
758 1332 799 1340 —
836 1296 979 1362 maxima
1000 1298 1228 1380 probabilitate
1250 1299 1403 1380 colligitur

287 1415 403 1478 exeo,
434 1394 518 1477 quod
546 1394 578 1458 iu
601 1394 735 1459 vooibus
762 1394 916 1461 acuendis
944 1395 1026 1460 nihil
1048 1397 1173 1478 ualent,
1203 1395 1242 1460 of.
1266 1394 1401 1474 πόλεως,

287 1491 431 1570 πόλεων,
455 1489 646 1578 Πηνέλεως.

371 1588 411 1654 Id
432 1595 600 1673 praeterea
614 1608 709 1670 quam
724 1589 864 1656 maxime
879 1609 917 1656 eo
940 1591 1105 1672 probatum
1120 1589 1205 1672 quod
1219 1592 1253 1656 iu
1270 1591 1401 1673 lingua

228 1691 233 1704 '
286 1685 1399 1770 vetereseptentrionali,inquasolasimilisaffeotioinvenitur,

286 1805 413 1870 semper
434 1785 521 1868 prior
542 1785 664 1850 vocalis
686 1784 720 1848 in
736 1789 919 1861 jmutatur.
955 1787 1014 1868 „eo
1036 1786 1114 1869 geht
1135 1786 1265 1852 tiberin
1280 1785 1321 1868 jot
1342 1784 1400 1850 uud

286 1883 324 1946 ἑο
339 1887 397 1966 (oo)
413 1884 447 1947 in
461 1881 513 1966 jo,
528 1882 569 1966 jot
591 1883 664 1964 (stu,
687 1883 775 1962 selue,
797 1883 880 1948 wird
900 1905 938 1948 zu
960 1884 1027 1968 sjui;
1049 1884 1142 1955 reum,
1166 1884 1225 1948 wir
1238 1884 1346 1965 sehon,
1367 1903 1400 1948 uu
1470 1877 1471 1890 ¹

158 2043 170 2052 ,
285 1981 383 2064 pom,
412 1980 538 2058 .rjo'm).“
581 1981 781 2062 Wimmer,
811 1981 971 2061 „altnord.
994 1981 1048 2046 Gr.
1071 1981 1176 2048 obers.
1204 2001 1235 2045 r.
1259 1981 1399 2048 Sievers“

287 2079 380 2160 ῧῖθ,
404 2077 442 2142 of.
466 2077 623 2160 Buggium
647 2079 687 2142 K.
710 2079 745 2143 Z.
768 2078 828 2158 ΙΙΙ,
852 2081 903 2142 31.

280 2253 283 2259 .
370 2174 422 2240 Au
450 2174 721 2260 comprobandam
750 2183 835 2241 oerte
864 2176 1145 2260 transpositionem
1172 2177 1332 2257 vooalium
1357 2198 1396 2238 ωο

285 2273 320 2338 in
343 2296 405 2356 oro,
435 2271 476 2337 ᾱᾶ
507 2273 541 2338 in
569 2272 613 2337 ἇᾶ
639 2272 698 2338 illa
719 2275 869 2357 exempla
897 2274 978 2338 nihil
1007 2274 1127 2338 valent.
1171 2273 1285 2356 Neque
1307 2273 1397 2355 magis

285 2372 396 2438 valent
423 2371 584 2438 homerica
607 2369 712 2458 φόως,
738 2369 883 2449 θόωκος,
906 2367 1126 2452 αὐτοχόωνος.
1166 2367 1302 2447 θόωκος
1324 2371 1396 2436 euim

285 2469 404 2535 laetum
440 2475 489 2535 est
524 2487 565 2534 ex
601 2473 791 2546 *θαπακος
829 2473 1015 2546 *Sarouon
1053 2467 1233 2546 *θαωκος,
1270 2468 1394 2542 θόωκος

287 2563 429 2650 (Brugm.
456 2564 545 2649 171);
578 2565 676 2632 simili
697 2567 821 2632 ratione
844 2562 1054 2646 αὐτοχόωνος
1076 2584 1118 2631 ex
1145 2557 1394 2646 ῒαότοχοοανος,

286 2659 542 2744 *αὐτοχοοονος
558 2661 713 2743 -χόωνος,
736 2662 832 2749 φόως
846 2670 952 2729 autem
968 2664 1044 2729 item
1060 2682 1101 2728 ex
1116 2667 1262 2747 *φαοος
1285 2669 1394 2748 *φοως
1469 2701 1470 2708 1

286 2768 388 2826 ortum
411 2781 482 2828 esse
504 2768 619 2844 potest,
642 2762 705 2826 nisi
719 2761 801 2826 forte
823 2767 954 2845 propter
976 2748 1068 2847 φόεα
1083 2780 1124 2826 ex
1139 2766 1262 2846 *φᾶος
1287 2762 1393 2846 *prior

286 2857 496 2924 derivandum
518 2865 582 2940 est,
620 2858 734 2923 eadem
764 2859 1012 2941 transpositione
1037 2865 1158 2941 quant,
1196 2878 1260 2940 qua
1283 2857 1393 2924 Ourtlm

286 2956 336 3021 m.
359 2958 435 3022 ΕΗ
464 2960 525 3022 324
557 2954 735 3039 πυλᾶωρός
764 2955 922 3040 explieat;
960 2955 1018 3022 sed
1047 2955 1134 3020 haud
1162 2955 1228 3021 seio
1257 2975 1300 3020 an
1327 2957 1392 3021 haer

285 3054 490 3138 transpositio
507 3047 636 3119 omniuo
652 3075 717 3119 non
733 3053 773 3119 sit
795 3053 1017 3138 agnoscenda3
1041 3051 1159 3139 *οωος
1177 3059 1285 3119 autem
1307 3053 1393 3118 forma
1467 3101 1468 3106 1

284 3171 349 3217 non
372 3159 485 3217 exstat.
890 3167 902 3182 ·

370 3250 413 3314 At
445 3249 645 3315 substantiva
674 3249 716 3312 ab
748 3249 840 3314 initio
874 3250 907 3314 in
937 3273 1034 3326 -orog
1068 3249 1220 3315 exeuntia
1250 3247 1341 3314 modo
1365 3246 1390 3308 iu

284 3369 378 3424 -ωοςΙ
391 3347 486 3411 modo
507 3345 541 3410 in
562 3369 647 3423 -οως
669 3346 888 3412 terminantur.
933 3347 1061 3412 Nullius
1083 3352 1192 3412 tamen
1214 3349 1302 3412 voois
1323 3351 1390 3409 utra·

285 3463 347 3526 que
370 3449 475 3509 exstat
495 3443 612 3527 forma3
637 3443 695 3509 sed
710 3444 751 3508 ab
769 3445 872 3526 altera
894 3451 986 3528 parte
1008 3450 1082 3510 sunt
1103 3441 1244 3528 λαγωός,
1268 3439 1389 3516 κολωός,

285 3541 326 3605 ab
348 3541 452 3606 altera
479 3537 628 3620 Ἄθοως,
658 3539 804 3625 paloor,
828 3539 943 3623 Κόως,
981 3561 1063 3624 quae
1086 3542 1182 3608 etiam
1205 3547 1336 3608 aeoeutu
1355 3537 1389 3603 di·
1468 3539 1469 3600 ἴ

285 3639 498 3720 stinguuutur.
542 3638 648 3717 Quare
679 3645 766 3704 reete
793 3638 870 3703 mihi
900 3639 1027 3705 videtur
1056 3640 1258 3722 Brugmanus
1290 3659 1319 3723 p.
1343 3637 1387 3700 161

284 3735 331 3800 ita
351 3735 437 3800 hane
458 3736 647 3804 varietatem
669 3731 849 3820 expliea're,
882 3744 917 3802 ut
939 3756 979 3803 ex
1001 3759 1098 3814 -orog
1120 3743 1177 3805 aut
1198 3735 1390 3820 produotione

285 3834 466 3914 regressiva
487 3855 580 3910 -ωος,
603 3841 659 3898 aut
680 3834 885 3917 progressiva
899 3857 984 3912 -οως
1006 3833 1070 3900 fiat.
1088 3869 1130 3879 --
1152 3833 1293 3920 Σοώμην
1315 3829 1390 3898 deui-

286 3949 348 4011 que
370 3950 390 3994 a
412 3930 575 3995 Lobeokio
597 3931 647 3998 El.
669 3933 694 4010 Ι,
719 3935 780 3996 534
804 3952 844 3998 ex
866 3931 1027 4016 Hesyehio
1050 3932 1185 3998 allatum
1206 3932 1286 3998 nihil
1307 3929 1388 4004 valet,

285 4027 360 4109 quia
388 4029 547 4093 nesoimus
576 4048 617 4093 su
652 4049 691 4096 ex
724 4035 841 4113 poetae
874 4029 1010 4112 alicujus
1042 4029 1215 4096 Homerum
1251 4024 1389 4094 imitantis
