2958 4868
442 425 483 480 De
501 427 613 482 diectesi
630 427 774 484 homerica.
1111 425 1168 486 151

70 621 121 684 que
147 599 307 684 quisquam
336 599 571 667 Mehlhornium
601 601 654 666 vel
682 599 837 666 Sennium
865 599 1093 692 vel-Sublium
1124 619 1172 668 se·

69 707 146 765 cutus
166 696 243 783 sit2),
267 697 491 764 revertendum
513 703 570 780 est,
594 696 681 763 unde
702 696 837 780 digressi
858 717 976 764 sumus.

140 797 213 862 Post
240 795 471 878 Geettlingium
501 797 579 862 Leo
607 796 791 879 Meyerus
823 795 863 860 K.
894 797 928 860 Z.
960 795 1010 878 X,
1035 799 1074 860 45
1103 813 1172 877 sqq.

70 894 142 960 illius
174 893 212 959 de
244 893 487 958 assimulatione
520 892 681 960 sententia
717 899 847 978 recepta
880 892 1049 976 denuoque
1081 911 1173 976 argu·

69 992 168 1057 mentis
211 989 396 1056 confirmata
409 988 433 1074 ³)
478 991 598 1072 primus
643 991 763 1074 optime
800 991 963 1057 intellexit
998 997 1173 1075 aperteque

69 1089 154 1154 edixit
174 1089 322 1154 termas
343 1088 623 1166 assimulatas,
653 1108 714 1171 quo
740 1087 869 1155 nomine
893 1088 963 1172 jam
986 1089 1031 1154 uti
1052 1087 1171 1171 licebit,

68 1207 126 1254 esse
158 1185 365 1252 intermedias
401 1187 484 1253 inter
520 1187 662 1269 integras
699 1192 794 1268 atque
833 1191 1023 1252 contractas.
1081 1187 1172 1254 Idem

67 1285 171 1368 primus
207 1290 274 1349 tum
309 1285 413 1350 solum
441 1305 500 1350 usu
527 1284 639 1350 venire
676 1283 760 1349 hene
796 1283 1074 1350 assimulationem
1104 1305 1174 1368 per-

67 1383 173 1466 spexit,
196 1402 267 1448 cum
290 1381 446 1466 posterior
468 1382 589 1449 uocalis
608 1381 677 1465 jam
700 1386 797 1446 antea
819 1382 917 1464 longa
938 1379 1096 1465 tuisset⁴),
1127 1382 1174 1447 ita

66 1487 94 1544 ut
120 1481 203 1546 nullo
234 1479 329 1545 modo
358 1479 402 1544 ad
431 1498 542 1546 versus
578 1478 768 1564 pangendos
796 1478 1002 1545 distractione
1038 1497 1174 1544 commo·

67 1577 157 1645 diores
186 1577 396 1644 redderentur
423 1577 553 1643 formae.
598 1577 632 1643 Si
662 1583 768 1642 autem
791 1595 826 1642 re
854 1595 931 1642 vera
961 1575 1094 1642 distrahi
1116 1597 1173 1662 po·

66 1682 135 1741 terat
161 1671 249 1760 ὁρόω
273 1695 314 1742 ex
344 1670 431 1760 ὁρῶ,
461 1676 587 1759 quidni,
617 1677 809 1758 interrogat,
839 1674 935 1740 etiam
959 1669 1090 1758 ὁρῶμεν
1113 1674 1175 1740 dis·

66 1774 237 1842 trahebatur
265 1776 299 1839 in
329 1768 531 1857 *dpooprou'l
576 1773 666 1838 Prior
699 1773 820 1838 vocalis
850 1771 906 1837 ubi
940 1773 1096 1855 producta
1127 1772 1174 1836 in-

66 1871 191 1949 venitur,
229 1873 318 1937 utin
348 1869 538 1954 μενοινώω,
568 1868 782 1957 μενοινήῃσι,
814 1865 961 1955 ἡβώωσα
990 1869 1070 1952 οἱον,
1108 1869 1174 1935 Leo

68 1968 199 2053 Meyerus
221 1970 307 2035 hano
330 1968 571 2054 productionem
595 1967 740 2051 poeticae
770 1966 919 2051 licentiae
948 1965 1074 2046 tribuit,
1112 1985 1176 2050 qua

66 2065 92 2130 in
117 2087 148 2133 re
170 2087 241 2133 cum
266 2087 304 2133 ee
334 2067 439 2133 tacere
461 2085 526 2131 non
552 2086 729 2150 possumus.
781 2065 941 2132 Posterior
968 2064 1090 2130 vocalis
1120 2064 1175 2130 ubi

66 2164 205 2244 producta
220 2161 349 2231 'tradito
370 2165 421 2247 sit,
444 2184 502 2246 pro
518 2181 556 2228 ea
571 2163 800 2230 restituendam
824 2164 964 2244 breuem,
987 2162 1095 2244 itaque
1116 2181 1174 2245 pro

65 2256 207 2340 ὁρόωντο,
239 2258 399 2345 ὁρόωντο,
429 2256 555 2345 ὁρόῳτε
590 2261 660 2326 sim.
690 2259 893 2326 scribendum
923 2277 994 2326 csse
1023 2254 1173 2343 ὁρόοντο,

36 2359 42 2384 ¹
65 2350 201 2439 ὁρόοντα,
232 2354 365 2443 ὁρὸοινο
389 2365 448 2424 cet.
467 2357 641 2424 contendit.
685 2359 768 2424 Nam
790 2357 876 2440 qued
899 2351 1038 2441 ὁρόοντο
1062 2363 1175 2440 postea

64 2453 91 2518 in
111 2452 249 2538 ὁρῶντο,
273 2477 338 2522 non
360 2456 394 2520 in
417 2450 559 2540 ὁροῦντα
581 2454 712 2537 abierit,
738 2453 992 2537 antiquissimam
1014 2455 1068 2520 vel
1089 2461 1174 2522 certe

65 2555 196 2621 omnibus
225 2553 297 2619 aliis
326 2553 551 2619 contractionis
579 2551 698 2635 regulis
725 2551 937 2634 antiquiorem
965 2568 1037 2637 esse
1058 2552 1173 2634 legem,

64 2651 222 2730 quadras
252 2651 381 2718 vocales
409 2651 523 2716 breves
551 2650 585 2714 in
613 2650 743 2732 longam
773 2647 917 2731 ejusdem
946 2648 1073 2730 generis
1102 2667 1175 2714 con·

64 2749 135 2814 trahi
155 2751 196 2815 sit
213 2749 351 2832 jussum.

137 2846 259 2926 Quibus
289 2847 455 2912 oblocutus
484 2843 739 2911 Dietrichius
769 2843 810 2908 K.
840 2844 873 2908 Z.
898 2843 995 2925 XIII,
1020 2846 1082 2908 434
1105 2863 1174 2926 sqq.

65 2943 170 3024 optimo
188 2945 263 3028 jure
286 2963 351 3010 non
373 2944 471 3009 licere
493 2942 585 3008 nobis
608 2947 727 3022 monet,
757 2941 829 3024 lege
851 2940 990 3024 quadam
1012 2940 1175 3007 abstracta

123 3223 142 3288 a)
159 3221 236 3278 Unus
255 3220 430 3290 excipiendus
448 3225 489 3275 est
506 3220 646 3288 Bergkius,
665 3220 711 3288 qui
728 3218 793 3286 „Gn
813 3217 977 3284 Littgeschf‘
995 3217 1016 3282 Ι,
1027 3212 1076 3271 868
1095 3216 1176 3272 simili

65 3301 158 3357 ratione
176 3304 303 3372 explanat
322 3301 452 3356 diectasin
470 3307 551 3371 atque
568 3301 615 3378 illi.
651 3299 693 3354 Εο
711 3305 818 3355 tantum
837 3297 938 3365 differt,
965 3296 1037 3366 qued
1054 3297 1175 3352 vocalem

65 3377 221 3438 bonvaldo
238 3382 398 3454 productam
421 3387 517 3451 postea
534 3398 590 3438 nen
607 3382 695 3438 solum
713 3380 862 3450 scriptura,
889 3379 937 3434 sed
955 3380 1037 3434 etiam
1053 3394 1174 3447 pronun·

64 3459 166 3518 tiatione
192 3465 221 3519 in
248 3463 315 3518 duas
342 3462 455 3518 divisam
481 3478 541 3519 esse
566 3462 666 3517 eredat.
704 3461 869 3530 Quamquam
891 3459 949 3528 ipse
973 3473 999 3526 p.
1018 3463 1068 3514 862
1096 3458 1173 3514 dicit:

67 3541 153 3605 „ullciu
170 3543 232 3599 dass
251 3545 298 3599 der
315 3544 430 3599 Dichter
447 3558 514 3612 ganz
539 3542 590 3598 trei
615 3541 672 3598 und
690 3541 850 3598 uillktlrlich
868 3539 911 3594 die
928 3539 1069 3594 Elemeute
1087 3539 1175 3594 seiner

65 3618 203 3679 hildsamen
229 3624 448 3693 Mutterspraohe
474 3623 626 3679 verweudet
651 3623 735 3686 habe,
769 3621 818 3675 wie
845 3619 986 3677 mehrtaoh
1010 3617 1093 3674 altere
1119 3618 1175 3674 und

66 3705 358 3760 neuereGrammatiker
373 3704 516 3770 urtheilen
535 3704 572 3758 ist
584 3705 643 3759 eine
654 3703 784 3771 Anklage
803 3701 918 3756 dieman
936 3699 1012 3755 nieht
1031 3715 1060 3756 so
1079 3699 1173 3756 leieht-

66 3779 106 3836 hin
122 3787 302 3855 ausspreohen
323 3785 428 3842 sollte.“

126 3867 145 3932 ³)
170 3867 249 3922 Haud
275 3867 331 3922 scio
358 3882 393 3920 an
420 3865 453 3921 de
477 3881 526 3920 suo
551 3865 578 3918 in
600 3865 671 3918 hane
697 3861 858 3918 senteutiam
882 3860 992 3916 venerit.
1029 3859 1205 3945 Goettlingi‘

67 3951 130 4000 certe
148 3948 307 4004 mentionem
325 3963 380 4002 non
396 3947 470 4002 facit.

128 4029 146 4094 ⁴)
162 4027 251 4084 Unum
270 4027 352 4082 ἄαται
369 4028 485 4084 fortasse
503 4025 688 4095 excipiendum
707 4037 774 4090 esse,
793 4021 1009 4092 supradiximus
1026 4038 1052 4090 p.
1075 4026 1130 4076 rte.
