2958 4868
306 425 366 488 148
803 421 931 491 Mangold

551 633 685 644 .--·-·-—--
752 623 904 663 “kib-l

345 674 368 730 μ
406 651 463 712 95;
487 637 588 714 edroi
613 649 647 712 δ’
674 624 777 733 induri
801 631 980 710 ananelo?
991 621 1248 728 adepturi—spurious

387 767 467 846 Quis
489 776 546 850 est,
570 767 679 850 quiin
701 767 752 831 his
772 785 922 852 persuum
937 765 1088 832 monstris
1103 767 1200 830 etiam
1223 765 1418 829 hexametros

301 863 479 948 agnoscat?

388 963 471 1026 Turn
492 983 569 1028 vero
591 981 647 1026 om·
666 961 745 1026 illae
758 967 881 1026 tantum
896 961 1027 1026 vocales
1041 962 1135 1026 trium
1158 980 1320 1026 morarum
1341 980 1418 1026 meu·

302 1085 409 1132 suram
431 1059 623 1128 servarunt?
646 1058 758 1142 quidni
780 1059 876 1124 etiam
896 1057 1003 1124 aliae?
1033 1059 1193 1144 Nempep
1212 1065 1244 1124 et
1260 1083 1286 1143 ῳ
1303 1078 1418 1142 semper

302 1160 522 1228 contractione
549 1156 688 1240 quadam
716 1159 813 1222 trium
842 1175 1001 1222 morarum
1030 1162 1104 1221 sunt
1132 1157 1282 1239 effestae3
1317 1155 1418 1238 quidni
1471 1185 1472 1200 2

304 1279 379 1344 ergo
401 1258 492 1342 λυέῃ,
516 1259 666 1340 νικησέῃ,
690 1251 810 1341 ὀῳόέῃ,
834 1251 1054 1340 ἀνθρωπόῳῗ

389 1353 570 1422 Mehlborni
592 1359 625 1420 et
645 1352 747 1418 Sonui
775 1354 956 1418 sententiae
984 1371 1056 1416 aum
1079 1351 1150 1434 jam
1179 1350 1300 1416 dudum
1329 1352 1418 1424 (illius

303 1476 333 1520 a.
352 1457 443 1528 1845,
465 1451 724 1533 hujusa.1864)
746 1451 867 1534 publici
884 1450 968 1533 juris
990 1449 1094 1514 laetae
1115 1449 1189 1526 sint,
1212 1450 1320 1531 miror,
1342 1450 1418 1532 quod
1472 1495 1473 1502 κ

175 1575 178 1582 ·
305 1548 555 1618 Bertholdus
585 1547 770 1628 Sollius,
808 1549 863 1630 qui
890 1547 1073 1631 nuperrime
1101 1567 1131 1612 a.
1165 1550 1246 1612 1872
1277 1547 1417 1612 dieotasis

304 1655 452 1714 naturam
475 1646 638 1729 explicare
659 1644 796 1727 studuit,
825 1647 972 1712 libellum
1000 1665 1092 1710 suurn
1117 1645 1296 1728 inseripsit:
1334 1645 1416 1723 ‚aine

304 1764 406 1822 neue
427 1745 613 1826 Erklarung
635 1742 693 1808 der
714 1763 825 1826 sogen.
848 1744 1001 1826 episeben
1023 1742 1272 1825 Zerdehnung.“
1309 1742 1415 1808 Videas
1473 1783 1474 1788 κ

305 1863 401 1927 quam
424 1842 465 1908 sit
487 1840 625 1906 eadem
648 1840 729 1906 baeu
751 1862 837 1906 nova
859 1841 1090 1924 explicatione
1112 1840 1295 1906 Mehlhorui
1316 1843 1415 1908 Sonui-

305 1960 384 2024 que:
406 1941 495 2022 „Der
510 1938 608 2004 durob
625 1937 830 2004 Contraction
846 1938 1058 2004 entstebende
1075 1939 1177 2004 Eine
1192 1958 1293 2019 ganz
1308 1941 1416 2021 lange

305 2039 407 2104 Vooal
429 2037 532 2102 reioht
545 2037 599 2102 bei
614 2037 733 2101 Homer
753 2037 842 2102 nieht
856 2057 917 2102 nur
933 2035 983 2100 ihr
999 2036 1051 2102 die
1065 2058 1126 2100 nur
1140 2036 1303 2102 aeutisobe
1318 2038 1415 2119 Lange
1474 2057 1475 2106 l

305 2135 478 2202 fordernde
500 2134 600 2214 Arsis,
624 2133 764 2200 sondem
786 2134 867 2200 auob
884 2134 967 2200 noch
984 2135 1035 2198 thr
1050 2133 1103 2202 die
1125 2134 1223 2198 balbe
1245 2134 1312 2198 und
1334 2155 1414 2200 wem

305 2234 449 2318 Position
471 2231 635 2296 hinzutritt
656 2230 707 2295 ihr
730 2230 783 2296 die
804 2251 906 2314 ganne
929 2232 1045 2296 Thesis
1066 2230 1171 2296 dazu
1192 2232 1285 2300 aus.“

391 2355 482 2436 Quae
502 2354 598 2437 igitur
621 2353 662 2419 de
683 2355 789 2435 vopali
811 2355 875 2420 ista
896 2354 993 2419 valde
1021 2354 1177 2437 producta
1198 2363 1311 2419 eontra
1331 2355 1415 2420 Mehl-
1475 2365 1476 2370 ’

306 2454 453 2520 hominm
476 2459 508 2518 et
525 2452 685 2518 'Sonuium
708 2452 841 2536 protuli,
870 2459 982 2516 eontra
1002 2451 1149 2516 Sublium
1171 2471 1298 2534 quoque
1320 2453 1414 2534 dispu-

305 2558 375 2616 tata
395 2557 479 2616 sunt.
523 2549 588 2616 Sed
612 2550 706 2615 aliter
727 2549 780 2613 hio
802 2549 995 2615 sententiam
1017 2567 1108 2613 suam
1130 2549 1277 2614 stabilire
1298 2555 1414 2614 uenatus

307 2655 356 2714 est
377 2653 474 2730 atque
495 2647 553 2711 illi.
591 2646 814 2712 Differentiam
831 2648 916 2712 enim
939 2646 1138 2711 intercedere
1161 2648 1327 2713 oontendit
1346 2649 1414 2712 inter
1476 2639 1477 2670 ³

306 2746 421 2828 longas
443 2746 573 2810 vuoales
594 2750 707 2809 acutas
729 2750 761 2808 et
783 2743 1002 2838 oiroumllexas
1024 2763 1112 2824 eam,
1142 2749 1178 2808 ut
1200 2763 1227 2808 e
1251 2766 1282 2827 g.
1305 2744 1343 2809 τὸ
1364 2749 1413 2828 κῆρ

305 2843 484 2924 longiorem
512 2841 647 2908 haberet
675 2865 694 2926 η
719 2861 814 2924 quam
843 2837 862 2926 ἡ
888 2840 967 2928 κήρ,
996 2838 1046 2918 εἷς
1075 2841 1252 2924 longiorem
1284 2867 1315 2908 ει
1336 2861 1415 2925 quan

308 2939 367 3016 εἵς.
412 2938 516 3016 Quam
545 2937 736 3003 sententiam
774 2937 923 3021 (primum
955 2940 1114 3022 prolatam
1136 2940 1170 3002 in
1199 2939 1269 3022 ejus
1298 2959 1417 3024 gramm

306 3057 354 3120 gr.
382 3035 416 3100 in
446 3056 493 3100 us.
523 3035 622 3100 sehol.
652 3034 920 3118 ed.Lps‚1870,
948 3057 980 3118 p.
1004 3039 1035 3114 3)
1072 3036 1177 3102 faeere
1206 3059 1272 3103 non
1301 3057 1418 3120 possum

307 3133 384 3216 quin
406 3132 681 3214 perversissimam
703 3152 863 3198 eenseam.
893 3133 972 3198 (lum
994 3134 1135 3200 rationes
1157 3135 1200 3199 ad
1223 3135 1418 3218 comproban-

241 3253 244 3262 ·
308 3231 384 3296 dum
423 3229 584 3296 decretum
620 3250 711 3295 suum
746 3231 853 3295 nullas
889 3231 1055 3296 nobiseum
1090 3233 1348 3314 communicarit,
1383 3251 1419 3296 re·

307 3328 411 3394 futare
432 3327 642 3410 supersedere
663 3328 886 3410 potuissemus.
930 3329 996 3394 Sed
1018 3349 1089 3393 eum
1112 3329 1291 3396 verendum
1313 3333 1368 3410 sit,
1387 3347 1419 3393 ne

307 3445 366 3510 pro
397 3425 488 3490 falsis
517 3424 559 3490 de
588 3431 723 3490 aeeentu
749 3444 865 3506 graeeo
895 3426 1099 3510 opinionibus
1120 3429 1319 3510 pervulgatis
1341 3425 1419 3494 Subli

306 3523 370 3588 ista
399 3521 581 3588 differentia
608 3523 717 3588 multis
746 3522 904 3606 arrideat,
938 3525 1049 3607 paullo
1077 3523 1197 3590 diutius
1225 3526 1258 3590 in
1288 3546 1327 3592 ea
1354 3521 1419 3590 mihi

308 3619 570 3686 commorandum
593 3639 664 3686 esse
685 3619 805 3704 putavi.

395 3719 442 3782 Ao
470 3718 608 3801 primum
636 3715 765 3800 quidem
795 3753 837 3762 —
864 3725 899 3782 ut
921 3718 1079 3800 omittam,
1109 3726 1235 3786 veteres
1265 3719 1306 3786 de
1325 3719 1421 3788 istius

309 3813 397 3880 modi
426 3813 607 3880 differentia
640 3814 722 3879 nihil
752 3823 947 3899 compertum
982 3817 1134 3883 habuisse
1169 3852 1211 3862 -
1248 3837 1362 3900 magno
1391 3814 1418 3876 in

309 3929 419 3976 errore
450 3919 612 3994 versatur,
648 3915 703 3994 qui
730 3911 831 3995 ipsius
859 3920 1010 3978 aboentus
1039 3915 1072 3978 vi
1101 3915 1262 4000 syllabam
1298 3907 1415 3998 produci

309 4026 406 4091 posse
428 4008 546 4074 eredat.
583 4009 677 4091 Nam,
700 4030 771 4075 oum
794 4031 853 4075 nos
875 4010 1028 4076 Germani
1050 4029 1121 4076 eam
1143 4013 1309 4096 syllabam,
1331 4024 1411 4092 quam
