2972 4868
444 424 477 480 de
494 425 706 496 reduplicatione
722 441 825 494 graeca
881 495 884 502 Δ
1122 421 1196 486 309Δ
1312 450 1318 458 ·

74 593 262 662 ccxhibcrc
283 593 437 664 retuutur
458 595 524 664 his:
547 593 704 683 ποιφύξω
723 593 889 682 nonorifica
906 601 1085 684 ποίφυγμα
1106 621 1187 662 rccr-

71 691 196 779 φύγδην
220 695 393 779 octipedes.

150 789 497 876 τοι-θορύσσειν·
528 795 633 856 σείειν
662 789 703 856 ab
727 809 790 854 unc
814 790 975 876 Hesychio
1001 792 1186 876 accipimus,

70 885 115 952 Oi.
137 885 414 973 roraoopv'mpra·
452 885 471 975 ἡ
496 886 574 965 τοὺς
597 885 758 969 σεισμοὺς
781 895 928 954 ποιοῦσα
950 889 993 954 id.
1024 925 1065 938 --
1093 888 1188 969 Quod

73 985 110 1050 Μ.
137 985 331 1052 Schmidtius
359 987 481 1053 confert
509 983 729 1068 τόνθορύζειν
752 985 772 1048 i.
796 1005 825 1068 q.
854 983 1025 1070 γογγύζειν
1058 992 1190 1069 propter

70 1081 329 1166 significationem
351 1084 492 1152 alienum
514 1091 571 1150 est.
609 1083 758 1148 Potuitne
781 1082 899 1148 radicis
920 1087 989 1166 θορ
1012 1080 1186 1168 (daciano)

71 1179 284 1266 duplicatione
305 1183 386 1248 haec
407 1183 456 1248 vis
478 1181 644 1248 causativa
665 1178 817 1264 prodire?

300 1721 325 1786 ἐ.
344 1723 367 1775 3.
402 1719 452 1774 DE
470 1717 744 1776 DUPLICATIONE
762 1719 959 1776 IMMINUTA.

616 1887 653 1950 Α.

152 2021 202 2086 De
237 2017 402 2086 vocabulis
431 2019 602 2102 duplicatis
635 2021 681 2087 eis
711 2041 843 2104 quorum
881 2021 966 2104 prior
998 2019 1128 2105 syllaba
1159 2019 1193 2084 in

72 2136 244 2184 consonam
273 2117 427 2188 ,nasalem
462 2117 503 2182 ab
540 2119 612 2202 ipsa
639 2117 748 2184 radice
775 2119 916 2184 alienam
945 2116 1063 2183 desinit
1096 2115 1192 2199 (rrip-

75 2214 208 2301 πλη-μι)
247 2213 324 2298 quid
357 2219 533 2281 statuamus
561 2213 743 2300 profitemur
771 2236 860 2280 mora
894 2215 1000 2281 nulla:
1036 2213 1193 2281 habemus

74 2331 258 2394 persuasum
273 2312 419 2378 nasalcm
440 2311 530 2378 illam
553 2334 619 2380 non
633 2333 703 2380 esse
718 2314 865 2376 insertum
881 2311 923 2378 ad
938 2312 1076 2396 priorem
1097 2312 1194 2396 sylla·

74 2407 143 2474 bam
164 2409 413 2492 intendendam,
443 2409 501 2476 sed
524 2430 564 2476 cx
587 2430 726 2476 consona
747 2409 870 2492 liquida
892 2416 1057 2474 attenuata
1080 2416 1192 2477 ortam.

73 2503 162 2586 Quod
185 2528 228 2574 nc
251 2506 417 2574 videamur
438 2515 558 2574 temere
580 2506 773 2573 contendero
796 2509 876 2572 hacc
898 2513 1096 2572 moneantur.

155 2606 193 2670 In
223 2624 261 2670 eo
288 2603 373 2687 quod
401 2624 512 2670 omnes
540 2624 624 2669 nuno
653 2604 826 2687 censent¹⁰)
860 2604 998 2690 priorem
1031 2601 1193 2688 syllabam

75 2703 175 2772 nasali
197 2703 346 2764 intectam
362 2720 432 2768 esse
449 2700 572 2767 duobus
591 2701 734 2767 nituntur
749 2701 885 2786 indiciis,
909 2722 1042 2784 quorum
1057 2701 1193 2767 alterum

74 2799 202 2882 quidem
234 2793 258 2866 e‘
279 2799 390 2884 lingua
411 2797 574 2886 sanserita
610 2799 743 2884 petitum
772 2806 834 2880 est,
871 2798 1008 2866 alterum
1038 2799 1196 2882 elingua

73 2917 198 2979 graeca.
229 2897 313 2964 Nam
335 2897 368 2961 in
390 2895 461 2980 ipsa
483 2895 595 2978 lingua
616 2917 733 2980 graeca
753 2897 874 2963 nasalis
893 2917 913 2961 a
934 2895 1043 2962 multis
1066 2894 1196 2980 putatur
1307 2919 1309 2924 ¹

76 2992 159 3058 haud
181 3015 255 3060 raro
277 2994 399 3060 inserta
421 3013 491 3060 esso
514 2993 557 3058 ad
579 2993 703 3060 radices
724 2993 940 3060 intendendus
963 2991 1097 3076 (diodor
1113 2993 1197 3074 λαμ-

75 3088 188 3174 tlo'ro).
240 3089 329 3170 Quae
355 3111 406 3157 res
429 3091 587 3174 quomodo
616 3093 650 3156 in
679 3093 846 3176 permultis
875 3090 1031 3174 ejusmodi
1064 3089 1196 3157 vocibus

76 3208 186 3255 revera
215 3209 250 3255 se
271 3187 392 3254 habeat
420 3209 523 3275 nuper
552 3191 699 3273 exposuit
721 3189 864 3256 Joannes
886 3188 1080 3255 Schmidtius
1113 3189 1199 3270 „Zur

79 3285 268 3352 Goschichte
297 3285 354 3354 des
382 3285 710 3370 Indogermanischcn
734 3279 955 3354 Vooalismus“
989 3285 1073 3352 Jcna
1105 3287 1198 3352 1871.

77 3380 275 3460 deterrito
304 3383 389 3467 quod
419 3384 519 3450 voluit
546 3385 690 3467 linguam
718 3404 866 3468 graecam
894 3384 999 3449 nasali
1027 3383 1070 3448 ad
1102 3402 1197 3450 voces

77 3481 243 3563 augendas
264 3481 394 3546 omnino
415 3503 481 3546 non
503 3501 593 3547 usam
616 3499 687 3548 esse
708 3501 773 3545 non
794 3481 943 3569 probavit
964 3478 1011 3564 (p.
1033 3485 1091 3544 115
1115 3480 1195 3566 not.)
1237 3507 1241 3514 ·

80 3581 110 3640 et
137 3577 283 3662 quamvis
311 3578 459 3644 videatur
480 3579 514 3644 in
536 3580 664 3645 nasales
686 3579 796 3661 paullo
819 3578 922 3644 conus
948 3577 1093 3644 invectus
1116 3597 1196 3662 esse,

79 3679 185 3742 tamen
199 3675 234 3741 id
250 3675 354 3742 effecit
369 3683 402 3740 ut
424 3682 614 3742 monstraret
631 3696 726 3741 voces
741 3675 814 3740 illas
837 3675 943 3741 nasali
965 3676 1085 3742 inserta
1099 3675 1200 3761 mojo-

153 3940 182 4004 ¹⁰)
211 3938 289 4006 Quod
314 3939 400 4010 Bopp.
423 3938 456 3994 V.
483 3939 528 3994 Gr.
551 3940 597 4007 112,
622 3945 669 3996 tdt
699 3938 817 4008 conjecit
843 3954 921 3994 nemo
949 3939 1089 4008 hucusque
1118 3954 1199 4010 quom

84 4017 202 4076 novimus
220 4019 358 4088 amplexus
376 4023 427 4084 est,
444 4035 521 4076 asmo
539 4021 634 4079 saltem
652 4025 802 4076 monstrare
821 4025 942 4077 conatus.

135 4104 262 4151 Curtius.
284 4105 375 4147 Studien
389 4104 424 4146 vl.
965 4109 994 4158 21
