3020 4866
363 420 404 476 De
421 419 545 476 infinitivi
562 423 713 492 temporum
731 437 784 476 usu
801 420 984 492 Thucydideo.
1192 419 1231 482 73

105 597 273 658 πείσαντα
296 588 529 680 ὠφεληθῆναι.
575 591 679 690 Quam
700 591 873 660 adulterini
895 593 1069 660 accusativi
1092 614 1163 662 oum
1185 595 1232 662 in-

106 689 229 756 finitivo
252 689 414 773 conjuncti
438 691 713 758 constructionem
729 711 769 757 ox
797 691 949 774 analogia
975 691 1108 775 genuini
1130 697 1232 758 ortam

107 808 177 856 esso
210 807 305 854 nemo
336 787 478 870 negabit.
522 787 606 854 Nam
635 789 761 871 lingua,
796 793 965 872 postquam
998 795 1069 874 post
1099 789 1231 873 longum

107 886 261 970 temporis
283 884 421 970 spatium
443 885 626 952 accusativo
649 904 719 951 oum
741 885 797 951 ini.
819 887 969 968 assuevit,
992 886 1087 953 facile
1102 905 1140 953 co
1162 907 1232 971 por·

107 984 211 1064 venit,
244 987 279 1048 ut
301 982 355 1048 vel
377 981 530 1065 simplicis
552 981 701 1048 infinitivi
729 983 923 1066 subjectum,
954 983 1078 1066 quoties
1100 1005 1120 1050 a
1141 985 1232 1052 vorbi

107 1078 188 1146 finiti
210 1079 354 1163 subjecto
378 1078 560 1163 discrepuit,
583 1080 766 1148 accusativo
788 1086 923 1159 notaret,
948 1099 1042 1162 quom
1064 1101 1155 1148 usum
1178 1083 1231 1149 rol

107 1178 139 1244 in
162 1178 299 1262 simplici
321 1176 478 1243 infinitivo
501 1177 598 1244 latius
626 1184 737 1261 patero
759 1177 837 1244 satis
859 1184 985 1252 constat
1013 1177 1147 1261 (δέομαί
1170 1201 1229 1246 σου

108 1273 289 1360 πρόθυμον
321 1269 430 1350 εἶναι).
476 1274 529 1340 Sic
558 1275 759 1342 aecusativus
791 1271 867 1340 aoc’
897 1273 1026 1362 ἒξοχῆν,
1059 1283 1094 1342 ut
1122 1275 1233 1344 dieunt

107 1373 322 1457 grammatici,
361 1372 462 1438 iactus
499 1378 548 1438 est
586 1391 678 1439 casus
715 1372 912 1456 subjectivae
947 1371 1098 1438 infinitivi
1133 1373 1232 1458 idque

102 1471 285 1554 ueterrimis
303 1469 373 1554 jam
396 1469 603 1554 temporibus,
627 1470 746 1555 quippe
768 1471 820 1552 qui
843 1470 931 1555 apud
946 1471 1118 1538 Homerum
1134 1473 1230 1539 usita-

106 1567 247 1636 tissimus
275 1568 316 1634 sit
345 1564 398 1652 (ci.
422 1567 599 1633 Albreohtii
622 1567 882 1640 dissertationem,
901 1588 996 1653 pagg.
1020 1571 1071 1650 25,
1102 1572 1153 1652 27,
1180 1574 1230 1654 28,

108 1669 159 1745 31,
190 1669 240 1747 32,
270 1663 335 1746 53).
380 1665 569 1732 Declaretur
605 1683 656 1731 res
688 1667 836 1750 exemplo
874 1685 913 1732 ex
946 1666 1085 1733 Homero
1121 1668 1230 1752 petito.

106 1758 258 1844 Εδχομαι
279 1763 412 1829 verbum
443 1761 547 1829 nudus
576 1763 717 1846 sequitur
744 1761 933 1846 infinitivus,
968 1764 1023 1830 ubi
1053 1772 1232 1849 congruunt

106 1859 253 1943 subjecta
275 1860 365 1926 verbi
387 1859 468 1926 finiti
492 1867 523 1926 et
545 1859 670 1943 infiniti,
700 1867 735 1926 ut
761 1862 788 1926 0
813 1863 875 1926 372

236 2010 269 2076 εἲ
289 2017 374 2078 ποτέ
396 2016 448 2090 τίς
471 2033 525 2077 τοι
548 2009 663 2093 εδχεοο
687 2047 729 2058 -
752 2018 933 2099 νοστῆσαι,

104 2155 338 2222 simulacrum
360 2155 388 2221 is
411 2156 463 2238 qui
485 2162 635 2240 precatur
656 2175 720 2222 non
743 2162 792 2222 ost
813 2155 908 2250 idem,
932 2177 991 2240 pro
1014 2156 1104 2242 cujus
1126 2160 1231 2226 saluto

104 2259 162 2320 aut
184 2251 325 2337 pernicio
346 2250 426 2318 fiunt
447 2273 569 2336 preces,
592 2273 710 2319 novum
733 2253 911 2338 suchctum
927 2255 1034 2320 statim
1049 2257 1231 2324 accusativo

102 2350 274 2431 indicatur,
300 2349 392 2416 sicuti
415 2351 433 2430 ξ
455 2353 533 2416 423;

616 2490 775 2573 ἐπεύχετο
800 2499 887 2559 πᾶσι
908 2499 1027 2562 θεοῖσι

235 2596 398 2676 νοστῆσαι
418 2585 562 2677 Ὀδυσῆα
585 2588 785 2676 πολύφρονα
808 2588 886 2657 ὅνδε
911 2590 1066 2674 δόμονδε.

190 2734 377 2801 Rectissime
408 2734 611 2800 Albrechtius
647 2737 732 2817 (pag.
756 2733 808 2817 39)
842 2735 1007 2818 observat,
1044 2735 1078 2800 in
1111 2735 1230 2806 talibus

101 2833 250 2902 formulis
272 2851 458 2917 porsonam,
483 2831 523 2898 do
545 2852 608 2915 qua
630 2838 774 2914 rogatum
797 2832 984 2916 proferatur,
1015 2851 1057 2899 cx
1079 2835 1231 2919 analogia

99 2933 274 2999 verborum
297 2930 425 2997 dicendi
446 2929 630 2996 accusativo
661 2935 803 2994 notatam
832 2950 918 3014 osse,
950 2931 1008 2998 sod
1036 2929 1122 2998 idem
1150 2933 1233 3002 false

101 3027 266 3114 ejusmodi
294 3027 395 3094 verba
421 3027 455 3092 in
485 3046 618 3093 numero
647 3028 814 3093 verborum
838 3027 965 3094 dicendi
998 3030 1119 3113 posuit:
1157 3039 1231 3098 snut

101 3128 189 3194 onim
213 3127 313 3193 verba
332 3123 466 3209 rogandi
482 3123 618 3207 ideoque
640 3143 773 3191 necesse
795 3132 852 3204 est,
875 3132 910 3191 ut
926 3146 947 3191 a
963 3125 1090 3193 dicendi
1112 3129 1228 3212 verbio,

100 3245 186 3308 quae
208 3243 320 3291 vorum
343 3221 558 3288 accusativum
581 3241 651 3288 oum
673 3221 730 3286 ini.
752 3221 919 3308 recipiunt,
944 3223 1114 3307 diligenter
1129 3246 1230 3294 socor-

99 3329 232 3389 nantur.
266 3321 357 3402 Quae
379 3339 450 3385 cum
471 3318 612 3402 itasint,
636 3319 788 3403 sequitur,
811 3328 846 3387 ut
868 3321 1035 3404 potissima
1051 3322 1120 3389 veri
1141 3343 1231 3412 accu-

100 3421 199 3487 sativi
223 3440 294 3486 cum
316 3417 372 3482 ini.
395 3416 557 3500 conjuncti
579 3423 656 3483 nota
679 3417 761 3484 desit
783 3419 979 3502 adulterino,
1002 3421 1063 3486 hoc
1086 3420 1167 3505 dico,
1196 3427 1231 3487 ut

99 3517 281 3584 infinitivus
309 3515 374 3582 vim
403 3513 591 3582 enuntiandi
619 3535 684 3580 non
713 3516 833 3582 habeat
861 3535 943 3582 nove
978 3524 1063 3584 corto
1095 3518 1231 3603 tempori

100 3615 332 3698 adstringatur.
355 3649 396 3660 -
419 3611 509 3692 Quae
531 3610 618 3696 apud
633 3611 856 3698 Thucydidem
877 3613 964 3680 iilius
987 3619 1162 3683 structurae
1183 3616 1231 3682 in·

101 3711 179 3778 veni
203 3712 362 3795 exempla,
386 3711 467 3776 haec
489 3715 578 3775 sunt:

189 3807 408 3893 βούλομαι.
431 3807 492 3872 Ins.
508 3825 629 3890 praes:
653 3807 676 3889 I,
694 3813 745 3887 44,
762 3811 791 3874 2.
817 3811 886 3890 139,
904 3811 932 3874 3.
959 3813 1028 3892 140,
1045 3813 1074 3874 4.
1098 3809 1140 3889 ΙΙ,
1158 3813 1186 3890 5,
1200 3815 1228 3877 2.

103 3905 172 3988 ΙΙΙ,
196 3911 226 3990 3,
253 3912 279 3972 1.
318 3912 368 3988 51,
392 3909 411 3970 2
435 3905 517 3985 (δίε).
559 3908 609 3984 65,
634 3908 663 3972 2.
701 3909 751 3984 86,
775 3911 804 3971 2.
841 3905 896 3987 IV,
924 3908 992 3988 132,
1017 3909 1046 3970 2.
1084 3905 1121 3985 V,
1146 3912 1174 3989 7,
1201 3913 1228 3973 1.

103 4004 158 4088 vi,
183 4007 213 4088 9,
238 4007 267 4068 2.
291 4003 362 4088 vn,
387 4007 437 4083 35,
462 4006 490 4068 ν.
515 4005 565 4082 48,
592 4007 618 4068 1.
642 4005 692 4086 re,
720 4007 746 4071 ν,
769 4007 819 4082 51,
845 4008 872 4069 1.
896 4005 946 4082 ce,
968 4001 1107 4082 1.-V111,
1124 4005 1174 4084 ao,
1202 4008 1245 4069 1.,
