<?xml version="1.0" encoding="UTF-8"?>
<!DOCTYPE html PUBLIC "-//W3C//DTD XHTML 1.0 Transitional//EN"
    "http://www.w3.org/TR/xhtml1/DTD/xhtml1-transitional.dtd">
<html xmlns="http://www.w3.org/1999/xhtml" xml:lang="en" lang="en">
 <head>
  <title>
</title>
<meta http-equiv="Content-Type" content="text/html;charset=utf-8" />
  <meta name='ocr-system' content='tesseract 3.04.00' />
  <meta name='ocr-capabilities' content='ocr_page ocr_carea ocr_par ocr_line ocrx_word'/>
</head>
<body>
  <div class='ocr_page' id='page_1' title='image "./studienzurgriec02vanigoog_0014.png"; bbox 0 0 3020 4866; ppageno 0'>
   <div class='ocr_carea' id='block_1_1' title="bbox 283 437 930 496">
    <p class='ocr_par' dir='ltr' id='par_1_1' title="bbox 283 437 930 496">
     <span class='ocr_line' id='line_1_1' title="bbox 283 437 930 496; baseline -0.006 0"><span class='ocrx_word' id='word_1_1' title='bbox 283 437 304 496; x_wconf 88' lang='grc'><strong>4</strong></span> <span class='ocrx_word' id='word_1_2' title='bbox 765 438 930 494; x_wconf 86' lang='lat' dir='ltr'>Forssmann</span> 
     </span>
    </p>
   </div>
   <div class='ocr_carea' id='block_1_2' title="bbox 283 599 1439 795">
    <p class='ocr_par' dir='ltr' id='par_1_2' title="bbox 283 599 1439 795">
     <span class='ocr_line' id='line_1_2' title="bbox 373 599 1405 700; baseline 0 -20"><span class='ocrx_word' id='word_1_3' title='bbox 373 613 501 700; x_wconf 84' lang='lat' dir='ltr'><strong>Optime</strong></span> <span class='ocrx_word' id='word_1_4' title='bbox 524 599 653 695; x_wconf 79' lang='lat' dir='ltr'>quidem</span> <span class='ocrx_word' id='word_1_5' title='bbox 675 611 725 676; x_wconf 91' lang='lat' dir='ltr'>vir</span> <span class='ocrx_word' id='word_1_6' title='bbox 747 610 858 676; x_wconf 91' lang='lat' dir='ltr'>doctus</span> <span class='ocrx_word' id='word_1_7' title='bbox 881 610 957 694; x_wconf 89' lang='lat' dir='ltr'>quid</span> <span class='ocrx_word' id='word_1_8' title='bbox 978 611 1141 696; x_wconf 84' lang='lat' dir='ltr'>proprium</span> <span class='ocrx_word' id='word_1_9' title='bbox 1164 615 1205 680; x_wconf 92' lang='lat' dir='ltr'>sit</span> <span class='ocrx_word' id='word_1_10' title='bbox 1227 615 1335 680; x_wconf 86' lang='lat' dir='ltr'>aoristi</span> <span class='ocrx_word' id='word_1_11' title='bbox 1356 614 1405 680; x_wconf 82' lang='lat' dir='ltr'>hir</span> 
     </span>
     <span class='ocr_line' id='line_1_3' title="bbox 283 706 1439 795; baseline 0 -19"><span class='ocrx_word' id='word_1_12' title='bbox 283 713 391 779; x_wconf 86' lang='lat' dir='ltr'>verbis</span> <span class='ocrx_word' id='word_1_13' title='bbox 413 709 569 795; x_wconf 82' lang='lat' dir='ltr'>significat</span> <span class='ocrx_word' id='word_1_14' title='bbox 592 709 625 792; x_wconf 64' lang='grc' dir='ltr'>(ξ</span> <span class='ocrx_word' id='word_1_15' title='bbox 647 714 676 772; x_wconf 86' lang='grc'>5.</span> <span class='ocrx_word' id='word_1_16' title='bbox 702 706 750 793; x_wconf 84' lang='grc'>1);</span> <span class='ocrx_word' id='word_1_17' title='bbox 779 709 868 790; x_wconf 88' lang='lat' dir='ltr'>„Der</span> <span class='ocrx_word' id='word_1_18' title='bbox 889 709 997 775; x_wconf 88' lang='lat' dir='ltr'>Aorist</span> <span class='ocrx_word' id='word_1_19' title='bbox 1017 709 1140 794; x_wconf 85' lang='lat' dir='ltr'>besagt,</span> <span class='ocrx_word' id='word_1_20' title='bbox 1166 710 1241 778; x_wconf 90' lang='lat' dir='ltr'>dass</span> <span class='ocrx_word' id='word_1_21' title='bbox 1263 712 1316 778; x_wconf 91' lang='lat' dir='ltr'>die</span> <span class='ocrx_word' id='word_1_22' title='bbox 1331 711 1405 778; x_wconf 88' lang='lat' dir='ltr'>Ver·</span> <span class='ocrx_word' id='word_1_23' title='bbox 1436 752 1439 758; x_wconf 90' lang='lat'><em>·</em></span> 
     </span>
    </p>
   </div>
   <div class='ocr_carea' id='block_1_3' title="bbox 284 805 1507 893">
    <p class='ocr_par' dir='ltr' id='par_1_3' title="bbox 284 805 1507 893">
     <span class='ocr_line' id='line_1_4' title="bbox 284 805 1507 893; baseline -0.003 -19"><span class='ocrx_word' id='word_1_24' title='bbox 284 809 513 893; x_wconf 76' lang='lat' dir='ltr'>baltha&#39;tigkeit</span> <span class='ocrx_word' id='word_1_25' title='bbox 541 806 626 873; x_wconf 89' lang='lat' dir='ltr'>ohne</span> <span class='ocrx_word' id='word_1_26' title='bbox 649 805 880 890; x_wconf 82' lang='lat' dir='ltr'>Entwioklung</span> <span class='ocrx_word' id='word_1_27' title='bbox 906 807 1046 890; x_wconf 81' lang='lat' dir='ltr'>gedacht</span> <span class='ocrx_word' id='word_1_28' title='bbox 1067 807 1198 874; x_wconf 89' lang='lat' dir='ltr'>werden</span> <span class='ocrx_word' id='word_1_29' title='bbox 1220 809 1321 890; x_wconf 89' lang='lat' dir='ltr'>soll,“</span> <span class='ocrx_word' id='word_1_30' title='bbox 1350 807 1405 876; x_wconf 87' lang='lat' dir='ltr'>sed</span> <span class='ocrx_word' id='word_1_31' title='bbox 1506 865 1507 870; x_wconf 75' lang='grc'>,</span> 
     </span>
    </p>
   </div>
   <div class='ocr_carea' id='block_1_4' title="bbox 196 903 1411 2356">
    <p class='ocr_par' dir='ltr' id='par_1_4' title="bbox 196 903 1411 2356">
     <span class='ocr_line' id='line_1_5' title="bbox 284 903 1405 990; baseline 0 -18"><span class='ocrx_word' id='word_1_32' title='bbox 284 927 398 974; x_wconf 88' lang='lat' dir='ltr'>vereor</span> <span class='ocrx_word' id='word_1_33' title='bbox 432 927 473 972; x_wconf 91' lang='lat' dir='ltr'>ne</span> <span class='ocrx_word' id='word_1_34' title='bbox 505 905 592 971; x_wconf 91' lang='lat' dir='ltr'>idem</span> <span class='ocrx_word' id='word_1_35' title='bbox 620 905 677 986; x_wconf 90' lang='lat' dir='ltr'>vir,</span> <span class='ocrx_word' id='word_1_36' title='bbox 700 903 756 968; x_wconf 91' lang='lat' dir='ltr'>ubi</span> <span class='ocrx_word' id='word_1_37' title='bbox 784 905 919 970; x_wconf 86' lang='lat' dir='ltr'>aoristos</span> <span class='ocrx_word' id='word_1_38' title='bbox 946 905 980 970; x_wconf 92' lang='lat' dir='ltr'>in</span> <span class='ocrx_word' id='word_1_39' title='bbox 1011 904 1073 970; x_wconf 91' lang='lat' dir='ltr'>duo</span> <span class='ocrx_word' id='word_1_40' title='bbox 1101 925 1221 988; x_wconf 84' lang='lat' dir='ltr'>genera</span> <span class='ocrx_word' id='word_1_41' title='bbox 1251 905 1405 990; x_wconf 77' lang='lat' dir='ltr'>dispertit,</span> 
     </span>
     <span class='ocr_line' id='line_1_6' title="bbox 196 1001 1406 1087; baseline -0.002 -17"><span class='ocrx_word' id='word_1_42' title='bbox 196 1033 198 1039; x_wconf 95' lang='lat'>·</span> <span class='ocrx_word' id='word_1_43' title='bbox 283 1005 423 1070; x_wconf 84' lang='lat' dir='ltr'>fallatur.</span> <span class='ocrx_word' id='word_1_44' title='bbox 468 1005 521 1070; x_wconf 89' lang='lat' dir='ltr'>Sic</span> <span class='ocrx_word' id='word_1_45' title='bbox 543 1004 629 1068; x_wconf 89' lang='lat' dir='ltr'>enim</span> <span class='ocrx_word' id='word_1_46' title='bbox 651 1003 770 1086; x_wconf 85' lang='lat' dir='ltr'>pergit:</span> <span class='ocrx_word' id='word_1_47' title='bbox 800 1001 958 1083; x_wconf 87' lang='lat' dir='ltr'>„Manche</span> <span class='ocrx_word' id='word_1_48' title='bbox 980 1001 1199 1087; x_wconf 82' lang='lat' dir='ltr'>Handlungen</span> <span class='ocrx_word' id='word_1_49' title='bbox 1228 1003 1350 1070; x_wconf 88' lang='lat' dir='ltr'>dauern</span> <span class='ocrx_word' id='word_1_50' title='bbox 1372 1023 1406 1070; x_wconf 94' lang='lat' dir='ltr'>so</span> 
     </span>
     <span class='ocr_line' id='line_1_7' title="bbox 284 1099 1407 1184; baseline -0.002 -16"><span class='ocrx_word' id='word_1_51' title='bbox 284 1103 383 1168; x_wconf 86' lang='lat' dir='ltr'>kurze</span> <span class='ocrx_word' id='word_1_52' title='bbox 405 1102 484 1180; x_wconf 83' lang='lat' dir='ltr'>Zeit,</span> <span class='ocrx_word' id='word_1_53' title='bbox 508 1101 583 1166; x_wconf 89' lang='lat' dir='ltr'>dass</span> <span class='ocrx_word' id='word_1_54' title='bbox 605 1101 652 1165; x_wconf 91' lang='lat' dir='ltr'>sie</span> <span class='ocrx_word' id='word_1_55' title='bbox 673 1100 718 1163; x_wconf 92' lang='lat' dir='ltr'>im</span> <span class='ocrx_word' id='word_1_56' title='bbox 739 1099 943 1181; x_wconf 85' lang='lat' dir='ltr'>Augenbliok</span> <span class='ocrx_word' id='word_1_57' title='bbox 958 1101 1127 1184; x_wconf 85' lang='lat' dir='ltr'>vollzogcn</span> <span class='ocrx_word' id='word_1_58' title='bbox 1149 1101 1223 1168; x_wconf 89' lang='lat' dir='ltr'>sind</span> <span class='ocrx_word' id='word_1_59' title='bbox 1244 1101 1311 1166; x_wconf 90' lang='lat' dir='ltr'>und</span> <span class='ocrx_word' id='word_1_60' title='bbox 1334 1101 1407 1178; x_wconf 78' lang='lat' dir='ltr'>dass</span> 
     </span>
     <span class='ocr_line' id='line_1_8' title="bbox 233 1189 1408 1281; baseline -0.002 -16"><span class='ocrx_word' id='word_1_61' title='bbox 233 1189 234 1204; x_wconf 49' lang='lat'>¹</span> <span class='ocrx_word' id='word_1_62' title='bbox 284 1200 439 1266; x_wconf 74' lang='lat' dir='ltr'>hiernach</span> <span class='ocrx_word' id='word_1_63' title='bbox 463 1200 535 1264; x_wconf 90' lang='lat' dir='ltr'>eine</span> <span class='ocrx_word' id='word_1_64' title='bbox 557 1197 750 1280; x_wconf 85' lang='lat' dir='ltr'>cigentliehe</span> <span class='ocrx_word' id='word_1_65' title='bbox 765 1197 995 1281; x_wconf 85' lang='lat' dir='ltr'>Entwioklung</span> <span class='ocrx_word' id='word_1_66' title='bbox 1017 1200 1105 1264; x_wconf 90' lang='lat' dir='ltr'>nicht</span> <span class='ocrx_word' id='word_1_67' title='bbox 1119 1199 1306 1265; x_wconf 87' lang='lat' dir='ltr'>stattfindct.</span> <span class='ocrx_word' id='word_1_68' title='bbox 1344 1199 1408 1263; x_wconf 92' lang='lat' dir='ltr'>Wir</span> 
     </span>
     <span class='ocr_line' id='line_1_9' title="bbox 285 1293 1406 1380; baseline -0.001 -18"><span class='ocrx_word' id='word_1_69' title='bbox 285 1316 417 1364; x_wconf 87' lang='lat' dir='ltr'>nennen</span> <span class='ocrx_word' id='word_1_70' title='bbox 431 1295 597 1362; x_wconf 90' lang='lat' dir='ltr'>dieselben</span> <span class='ocrx_word' id='word_1_71' title='bbox 609 1293 1174 1378; x_wconf 81' lang='lat' dir='ltr'>momentanoVerbalthatigkeitcn3</span> <span class='ocrx_word' id='word_1_72' title='bbox 1190 1317 1216 1360; x_wconf 85' lang='lat' dir='ltr'>z.</span> <span class='ocrx_word' id='word_1_73' title='bbox 1231 1297 1268 1362; x_wconf 92' lang='lat' dir='ltr'>B.</span> <span class='ocrx_word' id='word_1_74' title='bbox 1280 1296 1406 1380; x_wconf 80' lang='grc' dir='ltr'><em>βαλεῖν,</em></span> 
     </span>
     <span class='ocr_line' id='line_1_10' title="bbox 285 1391 1408 1476; baseline -0.001 -15"><span class='ocrx_word' id='word_1_75' title='bbox 285 1395 403 1476; x_wconf 89' lang='lat' dir='ltr'>„einen</span> <span class='ocrx_word' id='word_1_76' title='bbox 427 1392 517 1457; x_wconf 84' lang='lat' dir='ltr'>Wurl</span> <span class='ocrx_word' id='word_1_77' title='bbox 537 1393 649 1458; x_wconf 62' lang='lat' dir='ltr'>thuns‘</span> <span class='ocrx_word' id='word_1_78' title='bbox 694 1393 753 1458; x_wconf 91' lang='lat' dir='ltr'>Boi</span> <span class='ocrx_word' id='word_1_79' title='bbox 774 1391 898 1458; x_wconf 89' lang='lat' dir='ltr'>andern</span> <span class='ocrx_word' id='word_1_80' title='bbox 921 1393 1045 1474; x_wconf 80' lang='lat' dir='ltr'>Verbis,</span> <span class='ocrx_word' id='word_1_81' title='bbox 1068 1393 1121 1458; x_wconf 90' lang='lat' dir='ltr'>bei</span> <span class='ocrx_word' id='word_1_82' title='bbox 1144 1393 1250 1460; x_wconf 89' lang='lat' dir='ltr'>denen</span> <span class='ocrx_word' id='word_1_83' title='bbox 1273 1394 1331 1460; x_wconf 89' lang='lat' dir='ltr'>der</span> <span class='ocrx_word' id='word_1_84' title='bbox 1351 1395 1408 1460; x_wconf 92' lang='lat' dir='ltr'>Be·</span> 
     </span>
     <span class='ocr_line' id='line_1_11' title="bbox 284 1490 1408 1576; baseline 0.001 -20"><span class='ocrx_word' id='word_1_85' title='bbox 284 1492 362 1575; x_wconf 82' lang='lat' dir='ltr'>griff</span> <span class='ocrx_word' id='word_1_86' title='bbox 381 1491 438 1556; x_wconf 93' lang='lat' dir='ltr'>der</span> <span class='ocrx_word' id='word_1_87' title='bbox 461 1490 691 1572; x_wconf 82' lang='lat' dir='ltr'>Entwioklung</span> <span class='ocrx_word' id='word_1_88' title='bbox 713 1491 781 1556; x_wconf 85' lang='lat' dir='ltr'>sich</span> <span class='ocrx_word' id='word_1_89' title='bbox 803 1490 937 1573; x_wconf 80' lang='lat' dir='ltr'>geltend</span> <span class='ocrx_word' id='word_1_90' title='bbox 958 1491 1076 1572; x_wconf 87' lang='lat' dir='ltr'>maoht,</span> <span class='ocrx_word' id='word_1_91' title='bbox 1099 1491 1180 1556; x_wconf 88' lang='lat' dir='ltr'>wird</span> <span class='ocrx_word' id='word_1_92' title='bbox 1203 1491 1256 1556; x_wconf 92' lang='lat' dir='ltr'>die</span> <span class='ocrx_word' id='word_1_93' title='bbox 1277 1492 1408 1576; x_wconf 77' lang='lat' dir='ltr'>Thatig·</span> 
     </span>
     <span class='ocr_line' id='line_1_12' title="bbox 285 1587 1409 1670; baseline 0 -16"><span class='ocrx_word' id='word_1_94' title='bbox 285 1588 355 1654; x_wconf 86' lang='lat' dir='ltr'>keit</span> <span class='ocrx_word' id='word_1_95' title='bbox 384 1608 448 1653; x_wconf 90' lang='lat' dir='ltr'>von</span> <span class='ocrx_word' id='word_1_96' title='bbox 483 1587 541 1652; x_wconf 88' lang='lat' dir='ltr'>der</span> <span class='ocrx_word' id='word_1_97' title='bbox 568 1587 777 1670; x_wconf 84' lang='lat' dir='ltr'>Vorstellung</span> <span class='ocrx_word' id='word_1_98' title='bbox 803 1594 897 1652; x_wconf 85' lang='lat' dir='ltr'>unter</span> <span class='ocrx_word' id='word_1_99' title='bbox 925 1587 1127 1654; x_wconf 80' lang='lat' dir='ltr'>Umstanden</span> <span class='ocrx_word' id='word_1_100' title='bbox 1154 1588 1330 1670; x_wconf 81' lang='lat' dir='ltr'>gleichsam</span> <span class='ocrx_word' id='word_1_101' title='bbox 1360 1611 1409 1654; x_wconf 86' lang='lat' dir='ltr'>un·</span> 
     </span>
     <span class='ocr_line' id='line_1_13' title="bbox 285 1683 1409 1770; baseline -0.004 -16"><span class='ocrx_word' id='word_1_102' title='bbox 285 1683 591 1768; x_wconf 75' lang='lat' dir='ltr'>sammengedriingt</span> <span class='ocrx_word' id='word_1_103' title='bbox 605 1683 676 1768; x_wconf 87' lang='lat' dir='ltr'>(ani</span> <span class='ocrx_word' id='word_1_104' title='bbox 692 1684 786 1750; x_wconf 89' lang='lat' dir='ltr'>einen</span> <span class='ocrx_word' id='word_1_105' title='bbox 801 1685 1006 1752; x_wconf 76' lang='lat' dir='ltr'>bestimmten</span> <span class='ocrx_word' id='word_1_106' title='bbox 1022 1685 1095 1750; x_wconf 81' lang='lat' dir='ltr'>Fall</span> <span class='ocrx_word' id='word_1_107' title='bbox 1109 1687 1251 1770; x_wconf 76' lang='lat' dir='ltr'>beregen</span> <span class='ocrx_word' id='word_1_108' title='bbox 1265 1708 1296 1751; x_wconf 90' lang='lat' dir='ltr'>u.</span> <span class='ocrx_word' id='word_1_109' title='bbox 1310 1708 1336 1752; x_wconf 92' lang='lat' dir='ltr'>s.</span> <span class='ocrx_word' id='word_1_110' title='bbox 1346 1685 1409 1770; x_wconf 87' lang='lat' dir='ltr'><strong>w.).</strong></span> 
     </span>
     <span class='ocr_line' id='line_1_14' title="bbox 285 1781 1410 1867; baseline 0 -19"><span class='ocrx_word' id='word_1_111' title='bbox 285 1783 384 1848; x_wconf 90' lang='lat' dir='ltr'>Dicse</span> <span class='ocrx_word' id='word_1_112' title='bbox 405 1801 537 1848; x_wconf 90' lang='lat' dir='ltr'>nennen</span> <span class='ocrx_word' id='word_1_113' title='bbox 557 1783 618 1847; x_wconf 86' lang='lat' dir='ltr'>wir</span> <span class='ocrx_word' id='word_1_114' title='bbox 638 1782 851 1848; x_wconf 87' lang='lat' dir='ltr'>concentrirte</span> <span class='ocrx_word' id='word_1_115' title='bbox 874 1781 1183 1866; x_wconf 77' lang='lat' dir='ltr'>Verbalthatiglreit3</span> <span class='ocrx_word' id='word_1_116' title='bbox 1216 1805 1242 1848; x_wconf 86' lang='lat' dir='ltr'>z.</span> <span class='ocrx_word' id='word_1_117' title='bbox 1265 1783 1302 1848; x_wconf 90' lang='lat' dir='ltr'>B.</span> <span class='ocrx_word' id='word_1_118' title='bbox 1323 1782 1410 1867; x_wconf 71' lang='grc' dir='ltr'><em>ἐρω-</em></span> 
     </span>
     <span class='ocr_line' id='line_1_15' title="bbox 285 1879 1409 1968; baseline 0.002 -24"><span class='ocrx_word' id='word_1_119' title='bbox 285 1886 398 1968; x_wconf 81' lang='grc' dir='ltr'><em>τῆσαι,</em></span> <span class='ocrx_word' id='word_1_120' title='bbox 422 1880 565 1960; x_wconf 87' lang='lat' dir='ltr'>„einmal</span> <span class='ocrx_word' id='word_1_121' title='bbox 588 1879 647 1945; x_wconf 86' lang='lat' dir='ltr'>das</span> <span class='ocrx_word' id='word_1_122' title='bbox 662 1880 790 1962; x_wconf 83' lang='lat' dir='ltr'>Fragen</span> <span class='ocrx_word' id='word_1_123' title='bbox 805 1881 1016 1946; x_wconf 86' lang='lat' dir='ltr'>abmacheu.“</span> <span class='ocrx_word' id='word_1_124' title='bbox 1052 1881 1117 1946; x_wconf 86' lang='lat' dir='ltr'>Iste</span> <span class='ocrx_word' id='word_1_125' title='bbox 1132 1889 1182 1947; x_wconf 92' lang='lat' dir='ltr'>est</span> <span class='ocrx_word' id='word_1_126' title='bbox 1196 1901 1293 1961; x_wconf 88' lang='lat' dir='ltr'>error,</span> <span class='ocrx_word' id='word_1_127' title='bbox 1316 1900 1409 1964; x_wconf 89' lang='lat' dir='ltr'>quem</span> 
     </span>
     <span class='ocr_line' id='line_1_16' title="bbox 281 1974 1410 2064; baseline 0.003 -22"><span class='ocrx_word' id='word_1_128' title='bbox 281 1978 352 2062; x_wconf 88' lang='lat' dir='ltr'>jam</span> <span class='ocrx_word' id='word_1_129' title='bbox 382 1978 598 2042; x_wconf 87' lang='lat' dir='ltr'>Buttmannus</span> <span class='ocrx_word' id='word_1_130' title='bbox 621 1974 763 2061; x_wconf 82' lang='lat' dir='ltr'>(Griech.</span> <span class='ocrx_word' id='word_1_131' title='bbox 786 1977 841 2042; x_wconf 80' lang='lat' dir='ltr'>Gr.</span> <span class='ocrx_word' id='word_1_132' title='bbox 863 1975 915 2042; x_wconf 88' lang='lat' dir='ltr'>cd.</span> <span class='ocrx_word' id='word_1_133' title='bbox 937 1978 1110 2044; x_wconf 78' lang='lat' dir='ltr'>vicesimae</span> <span class='ocrx_word' id='word_1_134' title='bbox 1137 1999 1211 2062; x_wconf 86' lang='lat' dir='ltr'><strong>pag.</strong></span> <span class='ocrx_word' id='word_1_135' title='bbox 1234 1977 1311 2064; x_wconf 82' lang='lat'>410)</span> <span class='ocrx_word' id='word_1_136' title='bbox 1336 1980 1410 2063; x_wconf 85' lang='lat' dir='ltr'>jure</span> 
     </span>
     <span class='ocr_line' id='line_1_17' title="bbox 285 2073 1411 2160; baseline 0 -18"><span class='ocrx_word' id='word_1_137' title='bbox 285 2077 408 2160; x_wconf 86' lang='lat' dir='ltr'>respuit</span> <span class='ocrx_word' id='word_1_138' title='bbox 437 2081 469 2140; x_wconf 92' lang='lat' dir='ltr'>et</span> <span class='ocrx_word' id='word_1_139' title='bbox 492 2073 618 2142; x_wconf 78' lang='lat' dir='ltr'>Curtius</span> <span class='ocrx_word' id='word_1_140' title='bbox 640 2095 742 2159; x_wconf 88' lang='lat' dir='ltr'>nuper</span> <span class='ocrx_word' id='word_1_141' title='bbox 762 2075 797 2140; x_wconf 90' lang='lat' dir='ltr'>in</span> <span class='ocrx_word' id='word_1_142' title='bbox 819 2075 894 2140; x_wconf 87' lang='lat' dir='ltr'>libri</span> <span class='ocrx_word' id='word_1_143' title='bbox 916 2075 965 2142; x_wconf 89' lang='lat' dir='ltr'>sui</span> <span class='ocrx_word' id='word_1_144' title='bbox 990 2078 1190 2158; x_wconf 82' lang='lat' dir='ltr'>grammatici</span> <span class='ocrx_word' id='word_1_145' title='bbox 1210 2077 1411 2159; x_wconf 84' lang='lat' dir='ltr'>explanatio-</span> 
     </span>
     <span class='ocr_line' id='line_1_18' title="bbox 285 2169 1409 2259; baseline 0.001 -19"><span class='ocrx_word' id='word_1_146' title='bbox 285 2174 381 2240; x_wconf 88' lang='lat' dir='ltr'>nibus</span> <span class='ocrx_word' id='word_1_147' title='bbox 411 2169 476 2256; x_wconf 88' lang='lat' dir='ltr'>(ed.</span> <span class='ocrx_word' id='word_1_148' title='bbox 506 2171 669 2239; x_wconf 88' lang='lat' dir='ltr'>secundae</span> <span class='ocrx_word' id='word_1_149' title='bbox 697 2192 771 2256; x_wconf 82' lang='lat' dir='ltr'>pag.</span> <span class='ocrx_word' id='word_1_150' title='bbox 798 2171 872 2258; x_wconf 81' lang='grc'>173)</span> <span class='ocrx_word' id='word_1_151' title='bbox 901 2171 1035 2256; x_wconf 88' lang='lat' dir='ltr'>repulit:</span> <span class='ocrx_word' id='word_1_152' title='bbox 1064 2192 1201 2240; x_wconf 88' lang='lat' dir='ltr'>errorem</span> <span class='ocrx_word' id='word_1_153' title='bbox 1231 2174 1318 2256; x_wconf 90' lang='lat' dir='ltr'>dico,</span> <span class='ocrx_word' id='word_1_154' title='bbox 1347 2195 1409 2259; x_wconf 86' lang='lat' dir='ltr'>quo</span> 
     </span>
     <span class='ocr_line' id='line_1_19' title="bbox 286 2269 1410 2356; baseline 0.002 -20"><span class='ocrx_word' id='word_1_155' title='bbox 286 2277 401 2354; x_wconf 87' lang='lat' dir='ltr'>eaptus</span> <span class='ocrx_word' id='word_1_156' title='bbox 422 2269 568 2336; x_wconf 86' lang='lat' dir='ltr'>Pfuhlius</span> <span class='ocrx_word' id='word_1_157' title='bbox 596 2271 707 2336; x_wconf 88' lang='lat' dir='ltr'>aoristi</span> <span class='ocrx_word' id='word_1_158' title='bbox 737 2271 802 2334; x_wconf 83' lang='lat' dir='ltr'>vim</span> <span class='ocrx_word' id='word_1_159' title='bbox 823 2270 858 2336; x_wconf 91' lang='lat' dir='ltr'>in</span> <span class='ocrx_word' id='word_1_160' title='bbox 880 2289 919 2336; x_wconf 89' lang='lat' dir='ltr'>eo</span> <span class='ocrx_word' id='word_1_161' title='bbox 941 2270 1079 2353; x_wconf 83' lang='lat' dir='ltr'>positam</span> <span class='ocrx_word' id='word_1_162' title='bbox 1101 2278 1194 2354; x_wconf 88' lang='lat' dir='ltr'>putat</span> <span class='ocrx_word' id='word_1_163' title='bbox 1215 2291 1301 2355; x_wconf 88' lang='lat' dir='ltr'>esse,</span> <span class='ocrx_word' id='word_1_164' title='bbox 1325 2273 1410 2356; x_wconf 84' lang='lat' dir='ltr'>qnod</span> 
     </span>
    </p>
   </div>
   <div class='ocr_carea' id='block_1_5' title="bbox 165 2367 1411 2452">
    <p class='ocr_par' dir='ltr' id='par_1_5' title="bbox 165 2367 1411 2452">
     <span class='ocr_line' id='line_1_20' title="bbox 165 2367 1411 2452; baseline 0.003 -20"><span class='ocrx_word' id='word_1_165' title='bbox 165 2425 168 2432; x_wconf 79' lang='grc'>,</span> <span class='ocrx_word' id='word_1_166' title='bbox 285 2368 445 2434; x_wconf 79' lang='lat' dir='ltr'>notionem</span> <span class='ocrx_word' id='word_1_167' title='bbox 459 2386 536 2433; x_wconf 84' lang='lat' dir='ltr'>vere</span> <span class='ocrx_word' id='word_1_168' title='bbox 557 2368 709 2452; x_wconf 90' lang='lat' dir='ltr'>temporis</span> <span class='ocrx_word' id='word_1_169' title='bbox 730 2375 848 2452; x_wconf 90' lang='lat' dir='ltr'>puncto</span> <span class='ocrx_word' id='word_1_170' title='bbox 870 2367 1046 2452; x_wconf 83' lang='lat' dir='ltr'>perfectam</span> <span class='ocrx_word' id='word_1_171' title='bbox 1066 2368 1233 2451; x_wconf 80' lang='lat' dir='ltr'>significet.</span> <span class='ocrx_word' id='word_1_172' title='bbox 1269 2371 1313 2434; x_wconf 83' lang='lat' dir='ltr'>At</span> <span class='ocrx_word' id='word_1_173' title='bbox 1327 2371 1411 2436; x_wconf 88' lang='lat' dir='ltr'>bene</span> 
     </span>
    </p>
   </div>
   <div class='ocr_carea' id='block_1_6' title="bbox 199 2464 1411 4109">
    <p class='ocr_par' dir='ltr' id='par_1_6' title="bbox 199 2464 1411 3702">
     <span class='ocr_line' id='line_1_21' title="bbox 287 2464 1410 2548; baseline 0.003 -17"><span class='ocrx_word' id='word_1_174' title='bbox 287 2465 413 2532; x_wconf 80' lang='lat' dir='ltr'>Curtius</span> <span class='ocrx_word' id='word_1_175' title='bbox 433 2465 455 2529; x_wconf 89' lang='lat' dir='ltr'>l.</span> <span class='ocrx_word' id='word_1_176' title='bbox 472 2464 493 2530; x_wconf 90' lang='lat' dir='ltr'>l.</span> <span class='ocrx_word' id='word_1_177' title='bbox 515 2467 639 2532; x_wconf 92' lang='lat' dir='ltr'>monuit</span> <span class='ocrx_word' id='word_1_178' title='bbox 659 2464 839 2532; x_wconf 86' lang='lat' dir='ltr'>cavendnm</span> <span class='ocrx_word' id='word_1_179' title='bbox 862 2485 942 2547; x_wconf 90' lang='lat' dir='ltr'>esse,</span> <span class='ocrx_word' id='word_1_180' title='bbox 966 2487 1008 2532; x_wconf 93' lang='lat' dir='ltr'>ne</span> <span class='ocrx_word' id='word_1_181' title='bbox 1028 2465 1063 2532; x_wconf 90' lang='lat' dir='ltr'>id</span> <span class='ocrx_word' id='word_1_182' title='bbox 1085 2465 1172 2548; x_wconf 92' lang='lat' dir='ltr'>quod</span> <span class='ocrx_word' id='word_1_183' title='bbox 1191 2466 1275 2532; x_wconf 90' lang='lat' dir='ltr'>inter</span> <span class='ocrx_word' id='word_1_184' title='bbox 1297 2479 1410 2534; x_wconf 77' lang='grc' dir='ltr'><strong><em>ποιεῖν</em></strong></span> 
     </span>
     <span class='ocr_line' id='line_1_22' title="bbox 287 2561 1411 2651; baseline 0 -21"><span class='ocrx_word' id='word_1_185' title='bbox 287 2571 319 2630; x_wconf 80' lang='lat' dir='ltr'>et</span> <span class='ocrx_word' id='word_1_186' title='bbox 340 2569 502 2649; x_wconf 81' lang='grc' dir='ltr'><strong><em>ποιῆσαι,</em></strong></span> <span class='ocrx_word' id='word_1_187' title='bbox 536 2571 632 2628; x_wconf 81' lang='grc' dir='ltr'><strong><em>νικᾶν</em></strong></span> <span class='ocrx_word' id='word_1_188' title='bbox 656 2571 688 2630; x_wconf 88' lang='lat' dir='ltr'>et</span> <span class='ocrx_word' id='word_1_189' title='bbox 710 2569 864 2651; x_wconf 79' lang='grc' dir='ltr'><strong><em>νικῆσαι,</em></strong></span> <span class='ocrx_word' id='word_1_190' title='bbox 894 2561 1012 2647; x_wconf 64' lang='grc' dir='ltr'><strong><em>ἔβαλλε</em></strong></span> <span class='ocrx_word' id='word_1_191' title='bbox 1042 2571 1075 2630; x_wconf 88' lang='lat' dir='ltr'>ct</span> <span class='ocrx_word' id='word_1_192' title='bbox 1103 2561 1203 2646; x_wconf 67' lang='grc' dir='ltr'><strong><em>ἔβαλε</em></strong></span> <span class='ocrx_word' id='word_1_193' title='bbox 1232 2564 1411 2642; x_wconf 83' lang='lat' dir='ltr'>intercedat</span> 
     </span>
     <span class='ocr_line' id='line_1_23' title="bbox 287 2661 1409 2746; baseline 0.001 -19"><span class='ocrx_word' id='word_1_194' title='bbox 287 2661 474 2746; x_wconf 85' lang='lat' dir='ltr'>discrimen,</span> <span class='ocrx_word' id='word_1_195' title='bbox 508 2662 654 2744; x_wconf 79' lang='lat' dir='ltr'>virgulae</span> <span class='ocrx_word' id='word_1_196' title='bbox 690 2663 782 2744; x_wconf 90' lang='lat' dir='ltr'>quasi</span> <span class='ocrx_word' id='word_1_197' title='bbox 814 2661 1020 2745; x_wconf 83' lang='lat' dir='ltr'>horologioae</span> <span class='ocrx_word' id='word_1_198' title='bbox 1052 2663 1193 2726; x_wconf 88' lang='lat' dir='ltr'>motione</span> <span class='ocrx_word' id='word_1_199' title='bbox 1224 2663 1409 2728; x_wconf 88' lang='lat' dir='ltr'>metiamur:</span> 
     </span>
     <span class='ocr_line' id='line_1_24' title="bbox 285 2757 1410 2844; baseline 0.004 -21"><span class='ocrx_word' id='word_1_200' title='bbox 285 2777 362 2824; x_wconf 85' lang='lat' dir='ltr'>nam</span> <span class='ocrx_word' id='word_1_201' title='bbox 384 2765 417 2823; x_wconf 92' lang='lat' dir='ltr'>et</span> <span class='ocrx_word' id='word_1_202' title='bbox 438 2758 624 2840; x_wconf 82' lang='lat' dir='ltr'>imperfecto</span> <span class='ocrx_word' id='word_1_203' title='bbox 646 2757 837 2824; x_wconf 89' lang='lat' dir='ltr'>brevissima</span> <span class='ocrx_word' id='word_1_204' title='bbox 849 2759 933 2825; x_wconf 89' lang='lat' dir='ltr'>actio</span> <span class='ocrx_word' id='word_1_205' title='bbox 947 2759 1083 2825; x_wconf 84' lang='lat' dir='ltr'>indicari</span> <span class='ocrx_word' id='word_1_206' title='bbox 1098 2765 1213 2844; x_wconf 87' lang='lat' dir='ltr'>potest,</span> <span class='ocrx_word' id='word_1_207' title='bbox 1237 2759 1410 2827; x_wconf 86' lang='lat' dir='ltr'>dnmmodo</span> 
     </span>
     <span class='ocr_line' id='line_1_25' title="bbox 286 2853 1411 2939; baseline 0.003 -18"><span class='ocrx_word' id='word_1_208' title='bbox 286 2853 422 2936; x_wconf 88' lang='lat' dir='ltr'>scriptor</span> <span class='ocrx_word' id='word_1_209' title='bbox 455 2873 561 2920; x_wconf 89' lang='lat' dir='ltr'>rerum</span> <span class='ocrx_word' id='word_1_210' title='bbox 595 2875 800 2938; x_wconf 82' lang='lat' dir='ltr'>progressum</span> <span class='ocrx_word' id='word_1_211' title='bbox 833 2855 1012 2938; x_wconf 83' lang='lat' dir='ltr'>delineare,</span> <span class='ocrx_word' id='word_1_212' title='bbox 1045 2875 1113 2922; x_wconf 87' lang='lat' dir='ltr'>rem</span> <span class='ocrx_word' id='word_1_213' title='bbox 1142 2875 1204 2939; x_wconf 90' lang='lat' dir='ltr'>quo</span> <span class='ocrx_word' id='word_1_214' title='bbox 1232 2858 1327 2923; x_wconf 92' lang='lat' dir='ltr'>modo</span> <span class='ocrx_word' id='word_1_215' title='bbox 1355 2857 1411 2924; x_wconf 87' lang='lat' dir='ltr'>fiat</span> 
     </span>
     <span class='ocr_line' id='line_1_26' title="bbox 286 2950 1411 3038; baseline 0.005 -23"><span class='ocrx_word' id='word_1_216' title='bbox 286 2950 460 3016; x_wconf 90' lang='lat' dir='ltr'>lectoribus</span> <span class='ocrx_word' id='word_1_217' title='bbox 487 2963 564 3016; x_wconf 85' lang='lat' dir='ltr'>ante</span> <span class='ocrx_word' id='word_1_218' title='bbox 593 2953 702 3016; x_wconf 90' lang='lat' dir='ltr'>oeulos</span> <span class='ocrx_word' id='word_1_219' title='bbox 729 2972 850 3034; x_wconf 91' lang='lat' dir='ltr'>ponere</span> <span class='ocrx_word' id='word_1_220' title='bbox 878 2959 910 3018; x_wconf 92' lang='lat' dir='ltr'>et</span> <span class='ocrx_word' id='word_1_221' title='bbox 938 2954 1029 3036; x_wconf 89' lang='lat' dir='ltr'>quasi</span> <span class='ocrx_word' id='word_1_222' title='bbox 1043 2953 1232 3036; x_wconf 82' lang='lat' dir='ltr'>depingere</span> <span class='ocrx_word' id='word_1_223' title='bbox 1253 2957 1348 3038; x_wconf 90' lang='lat' dir='ltr'>velit,</span> <span class='ocrx_word' id='word_1_224' title='bbox 1380 2963 1411 3022; x_wconf 88' lang='lat' dir='ltr'>et</span> 
     </span>
     <span class='ocr_line' id='line_1_27' title="bbox 286 3048 1411 3131; baseline 0.005 -17"><span class='ocrx_word' id='word_1_225' title='bbox 286 3048 405 3114; x_wconf 85' lang='lat' dir='ltr'>eoristo</span> <span class='ocrx_word' id='word_1_226' title='bbox 427 3048 525 3114; x_wconf 86' lang='lat' dir='ltr'>etiam</span> <span class='ocrx_word' id='word_1_227' title='bbox 553 3065 605 3114; x_wconf 88' lang='lat' dir='ltr'>res</span> <span class='ocrx_word' id='word_1_228' title='bbox 633 3049 731 3130; x_wconf 83' lang='lat' dir='ltr'>longe</span> <span class='ocrx_word' id='word_1_229' title='bbox 759 3048 878 3114; x_wconf 87' lang='lat' dir='ltr'>durans</span> <span class='ocrx_word' id='word_1_230' title='bbox 899 3058 1055 3131; x_wconf 87' lang='lat' dir='ltr'>narratur,</span> <span class='ocrx_word' id='word_1_231' title='bbox 1078 3052 1106 3116; x_wconf 90' lang='lat' dir='ltr'>si</span> <span class='ocrx_word' id='word_1_232' title='bbox 1129 3051 1263 3120; x_wconf 67' lang='lat' dir='ltr'>timentis</span> <span class='ocrx_word' id='word_1_233' title='bbox 1284 3053 1411 3120; x_wconf 87' lang='lat' dir='ltr'>animus</span> 
     </span>
     <span class='ocr_line' id='line_1_28' title="bbox 286 3145 1410 3234; baseline 0.005 -24"><span class='ocrx_word' id='word_1_234' title='bbox 286 3145 321 3210; x_wconf 91' lang='lat' dir='ltr'>in</span> <span class='ocrx_word' id='word_1_235' title='bbox 343 3165 407 3210; x_wconf 90' lang='lat' dir='ltr'>uno</span> <span class='ocrx_word' id='word_1_236' title='bbox 429 3145 566 3212; x_wconf 86' lang='lat' dir='ltr'>actionis</span> <span class='ocrx_word' id='word_1_237' title='bbox 586 3151 642 3210; x_wconf 85' lang='lat' dir='ltr'>aut</span> <span class='ocrx_word' id='word_1_238' title='bbox 659 3145 753 3210; x_wconf 88' lang='lat' dir='ltr'>initio</span> <span class='ocrx_word' id='word_1_239' title='bbox 768 3153 824 3210; x_wconf 89' lang='lat' dir='ltr'>aut</span> <span class='ocrx_word' id='word_1_240' title='bbox 839 3146 925 3211; x_wconf 82' lang='lat' dir='ltr'>exitu</span> <span class='ocrx_word' id='word_1_241' title='bbox 939 3146 1149 3230; x_wconf 81' lang='lat' dir='ltr'>significando</span> <span class='ocrx_word' id='word_1_242' title='bbox 1165 3157 1336 3234; x_wconf 85' lang='lat' dir='ltr'>occupatus</span> <span class='ocrx_word' id='word_1_243' title='bbox 1352 3159 1410 3218; x_wconf 84' lang='lat' dir='ltr'>est</span> 
     </span>
     <span class='ocr_line' id='line_1_29' title="bbox 287 3241 1409 3332; baseline 0.006 -24"><span class='ocrx_word' id='word_1_244' title='bbox 287 3242 362 3308; x_wconf 87' lang='lat' dir='ltr'>Non</span> <span class='ocrx_word' id='word_1_245' title='bbox 382 3243 480 3326; x_wconf 84' lang='lat' dir='ltr'>igitur</span> <span class='ocrx_word' id='word_1_246' title='bbox 502 3261 574 3308; x_wconf 88' lang='lat' dir='ltr'>eam</span> <span class='ocrx_word' id='word_1_247' title='bbox 595 3241 668 3308; x_wconf 88' lang='lat' dir='ltr'>dico</span> <span class='ocrx_word' id='word_1_248' title='bbox 689 3241 849 3308; x_wconf 80' lang='lat' dir='ltr'>actionem</span> <span class='ocrx_word' id='word_1_249' title='bbox 870 3251 1138 3328; x_wconf 80' lang='lat' dir='ltr'>momentaneam,</span> <span class='ocrx_word' id='word_1_250' title='bbox 1162 3247 1254 3332; x_wconf 89' lang='lat' dir='ltr'>cujus</span> <span class='ocrx_word' id='word_1_251' title='bbox 1275 3249 1409 3327; x_wconf 82' lang='lat' dir='ltr'>initium,</span> 
     </span>
     <span class='ocr_line' id='line_1_30' title="bbox 286 3339 1411 3428; baseline 0.005 -24"><span class='ocrx_word' id='word_1_252' title='bbox 286 3359 484 3424; x_wconf 83' lang='lat' dir='ltr'>progressus,</span> <span class='ocrx_word' id='word_1_253' title='bbox 505 3339 578 3406; x_wconf 87' lang='lat' dir='ltr'>finis</span> <span class='ocrx_word' id='word_1_254' title='bbox 596 3361 660 3406; x_wconf 93' lang='lat' dir='ltr'>uno</span> <span class='ocrx_word' id='word_1_255' title='bbox 674 3345 836 3405; x_wconf 85' lang='lat' dir='ltr'>momento</span> <span class='ocrx_word' id='word_1_256' title='bbox 850 3341 1173 3424; x_wconf 86' lang='lat' dir='ltr'>comprehenduntur,</span> <span class='ocrx_word' id='word_1_257' title='bbox 1195 3365 1277 3428; x_wconf 89' lang='lat' dir='ltr'>quae</span> <span class='ocrx_word' id='word_1_258' title='bbox 1292 3345 1411 3412; x_wconf 88' lang='lat' dir='ltr'>Piuhlii</span> 
     </span>
     <span class='ocr_line' id='line_1_31' title="bbox 199 3434 1410 3528; baseline 0.007 -27"><span class='ocrx_word' id='word_1_259' title='bbox 199 3518 204 3528; x_wconf 26' lang='grc' dir='ltr'><em>Ι</em></span> <span class='ocrx_word' id='word_1_260' title='bbox 288 3443 337 3502; x_wconf 88' lang='lat' dir='ltr'>est</span> <span class='ocrx_word' id='word_1_261' title='bbox 363 3438 584 3522; x_wconf 87' lang='lat' dir='ltr'>interpretatio</span> <span class='ocrx_word' id='word_1_262' title='bbox 613 3437 710 3520; x_wconf 89' lang='lat' dir='ltr'>hujus</span> <span class='ocrx_word' id='word_1_263' title='bbox 741 3437 879 3528; x_wconf 84' lang='lat' dir='ltr'>nominis</span> <span class='ocrx_word' id='word_1_264' title='bbox 901 3434 935 3521; x_wconf 85' lang='lat'>(§</span> <span class='ocrx_word' id='word_1_265' title='bbox 958 3442 978 3504; x_wconf 88' lang='grc'><strong>3</strong></span> <span class='ocrx_word' id='word_1_266' title='bbox 1000 3437 1052 3523; x_wconf 87' lang='lat' dir='ltr'>a);</span> <span class='ocrx_word' id='word_1_267' title='bbox 1081 3441 1178 3506; x_wconf 92' lang='lat' dir='ltr'>immo</span> <span class='ocrx_word' id='word_1_268' title='bbox 1206 3450 1343 3510; x_wconf 44' lang='lat' dir='ltr'>vero-*et</span> <span class='ocrx_word' id='word_1_269' title='bbox 1371 3463 1410 3510; x_wconf 91' lang='lat' dir='ltr'>ea</span> 
     </span>
     <span class='ocr_line' id='line_1_32' title="bbox 288 3533 1409 3621; baseline 0.007 -23"><span class='ocrx_word' id='word_1_270' title='bbox 288 3533 402 3616; x_wconf 85' lang='lat' dir='ltr'>verba,</span> <span class='ocrx_word' id='word_1_271' title='bbox 432 3555 516 3618; x_wconf 85' lang='lat' dir='ltr'>quae</span> <span class='ocrx_word' id='word_1_272' title='bbox 544 3537 586 3602; x_wconf 89' lang='lat' dir='ltr'>ab</span> <span class='ocrx_word' id='word_1_273' title='bbox 608 3535 665 3601; x_wconf 94' lang='lat' dir='ltr'>illo</span> <span class='ocrx_word' id='word_1_274' title='bbox 688 3533 827 3600; x_wconf 88' lang='lat' dir='ltr'>secundo</span> <span class='ocrx_word' id='word_1_275' title='bbox 849 3537 920 3601; x_wconf 92' lang='lat' dir='ltr'>loco</span> <span class='ocrx_word' id='word_1_276' title='bbox 942 3539 1160 3621; x_wconf 84' lang='lat' dir='ltr'>proferuntur,</span> <span class='ocrx_word' id='word_1_277' title='bbox 1182 3548 1409 3608; x_wconf 85' lang='lat' dir='ltr'>momentanea</span> 
     </span>
     <span class='ocr_line' id='line_1_33' title="bbox 288 3631 640 3702; baseline 0.011 -8"><span class='ocrx_word' id='word_1_278' title='bbox 288 3631 368 3695; x_wconf 92' lang='lat' dir='ltr'>mihi</span> <span class='ocrx_word' id='word_1_279' title='bbox 388 3632 538 3699; x_wconf 86' lang='lat' dir='ltr'>videntur</span> <span class='ocrx_word' id='word_1_280' title='bbox 560 3653 640 3702; x_wconf 88' lang='lat' dir='ltr'>esse.</span> 
     </span>
    </p>

    <p class='ocr_par' dir='ltr' id='par_1_7' title="bbox 288 3729 1410 4109">
     <span class='ocr_line' id='line_1_34' title="bbox 374 3729 1410 3817; baseline 0.009 -25"><span class='ocrx_word' id='word_1_281' title='bbox 374 3729 450 3794; x_wconf 85' lang='lat' dir='ltr'>Dixi</span> <span class='ocrx_word' id='word_1_282' title='bbox 478 3729 518 3796; x_wconf 89' lang='lat' dir='ltr'>de</span> <span class='ocrx_word' id='word_1_283' title='bbox 546 3731 675 3798; x_wconf 83' lang='lat' dir='ltr'>diversa</span> <span class='ocrx_word' id='word_1_284' title='bbox 704 3730 814 3795; x_wconf 85' lang='lat' dir='ltr'>aoristi</span> <span class='ocrx_word' id='word_1_285' title='bbox 842 3737 874 3796; x_wconf 86' lang='lat' dir='ltr'>et</span> <span class='ocrx_word' id='word_1_286' title='bbox 901 3733 1245 3817; x_wconf 46' lang='lat' dir='ltr'>praesentis1vi3jam</span> <span class='ocrx_word' id='word_1_287' title='bbox 1275 3733 1317 3801; x_wconf 89' lang='lat' dir='ltr'>de</span> <span class='ocrx_word' id='word_1_288' title='bbox 1344 3735 1410 3800; x_wconf 85' lang='lat' dir='ltr'>alia</span> 
     </span>
     <span class='ocr_line' id='line_1_35' title="bbox 289 3823 1410 3912; baseline 0.009 -24"><span class='ocrx_word' id='word_1_289' title='bbox 289 3823 453 3907; x_wconf 87' lang='lat' dir='ltr'>utriusque</span> <span class='ocrx_word' id='word_1_290' title='bbox 484 3829 636 3910; x_wconf 88' lang='lat' dir='ltr'>temporis</span> <span class='ocrx_word' id='word_1_291' title='bbox 670 3827 887 3911; x_wconf 86' lang='lat' dir='ltr'>discrepantia</span> <span class='ocrx_word' id='word_1_292' title='bbox 918 3829 1078 3912; x_wconf 82' lang='lat' dir='ltr'>agendum</span> <span class='ocrx_word' id='word_1_293' title='bbox 1107 3838 1164 3896; x_wconf 91' lang='lat' dir='ltr'>est.</span> <span class='ocrx_word' id='word_1_294' title='bbox 1209 3829 1332 3910; x_wconf 81' lang='lat' dir='ltr'>Quodsi</span> <span class='ocrx_word' id='word_1_295' title='bbox 1360 3851 1410 3898; x_wconf 91' lang='lat' dir='ltr'>re·</span> 
     </span>
     <span class='ocr_line' id='line_1_36' title="bbox 289 3923 1410 4014; baseline 0.005 -26"><span class='ocrx_word' id='word_1_296' title='bbox 289 3923 443 4006; x_wconf 85' lang='lat' dir='ltr'>spexeris,</span> <span class='ocrx_word' id='word_1_297' title='bbox 466 3930 544 4005; x_wconf 89' lang='lat' dir='ltr'>quot</span> <span class='ocrx_word' id='word_1_298' title='bbox 564 3931 709 4010; x_wconf 78' lang='lat' dir='ltr'>tempora</span> <span class='ocrx_word' id='word_1_299' title='bbox 731 3931 870 4010; x_wconf 83' lang='lat' dir='ltr'>quotque</span> <span class='ocrx_word' id='word_1_300' title='bbox 890 3926 977 3992; x_wconf 87' lang='lat' dir='ltr'>modi</span> <span class='ocrx_word' id='word_1_301' title='bbox 1001 3946 1041 3992; x_wconf 85' lang='lat' dir='ltr'>ex</span> <span class='ocrx_word' id='word_1_302' title='bbox 1063 3923 1199 4012; x_wconf 87' lang='lat' dir='ltr'>utraque</span> <span class='ocrx_word' id='word_1_303' title='bbox 1219 3929 1318 4014; x_wconf 88' lang='lat' dir='ltr'>stirpe</span> <span class='ocrx_word' id='word_1_304' title='bbox 1340 3949 1410 4014; x_wconf 92' lang='lat' dir='ltr'>pro·</span> 
     </span>
     <span class='ocr_line' id='line_1_37' title="bbox 288 4019 1206 4109; baseline 0.007 -25"><span class='ocrx_word' id='word_1_305' title='bbox 288 4025 396 4085; x_wconf 87' lang='lat' dir='ltr'>ereata</span> <span class='ocrx_word' id='word_1_306' title='bbox 417 4019 490 4103; x_wconf 89' lang='lat' dir='ltr'>sint,</span> <span class='ocrx_word' id='word_1_307' title='bbox 514 4021 557 4086; x_wconf 87' lang='lat' dir='ltr'>ad</span> <span class='ocrx_word' id='word_1_308' title='bbox 578 4021 708 4106; x_wconf 80' lang='grc' dir='ltr'><strong><em>λαμβαν</em></strong></span> <span class='ocrx_word' id='word_1_309' title='bbox 730 4031 853 4108; x_wconf 88' lang='lat' dir='ltr'>septem</span> <span class='ocrx_word' id='word_1_310' title='bbox 868 4024 1029 4109; x_wconf 89' lang='lat' dir='ltr'>pertinere</span> <span class='ocrx_word' id='word_1_311' title='bbox 1043 4025 1206 4092; x_wconf 84' lang='lat' dir='ltr'>invenies:</span> 
     </span>
    </p>
   </div>
   <div class='ocr_carea' id='block_1_7' title="bbox 0 0 1521 4866">
    <p class='ocr_par' dir='ltr' id='par_1_8' title="bbox 0 0 1521 4866">
     <span class='ocr_line' id='line_1_38' title="bbox 0 0 1521 4866; baseline 0 0"><span class='ocrx_word' id='word_1_312' title='bbox 0 0 1521 4866; x_wconf 95' lang='lat' dir='ltr'> </span> 
     </span>
    </p>
   </div>
  </div>
 </body>
</html>
