2972 4868
275 401 337 464 302
480 396 485 403 ’
763 407 903 462 Fritzschc

274 577 394 643 πεδίον
410 575 555 658 Theogu.
572 581 633 642 802
649 599 713 643 nou
728 581 887 645 assentior
901 579 1078 646 Gerlandio
1093 602 1124 664 p.
1140 583 1215 664 1863
1230 576 1392 667 τητάομαι

274 682 395 754 autem,
425 673 511 756 quod
534 673 730 758 duplicatum
753 695 825 742 csse
846 678 948 742 voluit
969 678 1035 744 Leo
1057 678 1168 761 Meyer
1188 679 1216 757 I,
1238 680 1313 754 428,
1344 675 1393 741 dc

273 771 506 838 nominativum
528 778 577 836 est
597 769 679 858 τήπη
703 772 905 854 substantivi,
929 773 971 840 de
991 775 1083 858 cujus
1098 775 1221 860 origine
1243 783 1276 840 et
1297 775 1394 840 torma

273 871 351 935 certi
380 869 460 934 nihil
494 875 619 934 constat
648 866 721 952 (sed
749 870 788 934 cl.
817 871 871 935 pa
892 869 986 955 210);
1014 869 1179 963 caparra
1203 873 1291 955 Hea,
1328 891 1394 936 cum

272 976 383 1033 natum
399 966 546 1032 videatur
561 965 789 1050 ο*βομβύζειν
806 965 1056 1052 (poppam-ug)
1069 989 1132 1034 non
1149 975 1236 1034 recte
1247 969 1282 1034 in
1296 968 1395 1052 dupli·

272 1065 352 1130 catis
374 1086 394 1128 a
417 1064 454 1129 G.
472 1062 580 1128 Curtio
605 1060 715 1147 (Verb.
734 1066 759 1146 I,
777 1063 853 1150 323)
877 1072 1096 1132 enumeratum
1112 1086 1184 1132 esse
1205 1067 1395 1152 putaverim.

273 1161 467 1228 Monendum
490 1167 598 1227 autem
621 1171 670 1226 est
692 1163 862 1228 verborum
877 1183 986 1228 eorum
1002 1183 1084 1245 quae
1102 1165 1279 1230 avocalcm
1302 1161 1396 1248 priori

230 1315 236 1338 „
272 1259 420 1344 syllabae
449 1258 607 1341 tribuunt,
634 1259 792 1324 nonnulla
813 1261 898 1326 hanc
918 1262 1074 1344 praebere
1095 1261 1243 1328 similiter
1264 1261 1396 1346 produc

222 1441 225 1447 Ι
271 1366 335 1423 tam
366 1353 419 1441 (cs.
443 1367 572 1434 κῖ-κυ-ς
594 1356 757 1436 πῖ-πί-ζω
779 1356 942 1436 aiat-{ar
965 1378 1077 1442 supra,
1106 1362 1307 1441 μῖ-μέ·ομαι
1329 1357 1395 1424 rell.

270 1453 378 1540 infra).
1336 1471 1340 1478 '

813 1626 850 1690 B.

357 1760 453 1824 Plura
481 1764 589 1824 autem
618 1765 692 1824 sunt
720 1779 853 1841 quorum
882 1759 1011 1844 syllaba
1046 1761 1206 1844 posterior
1240 1761 1397 1845 producta

272 1862 321 1921 cst
343 1851 533 1942 (ἆκ-ωκ-ή).
563 1855 666 1934 Quam
683 1855 934 1940 duplicationem
955 1877 998 1934 ne
1019 1859 1089 1940 quis
1110 1859 1146 1922 in
1168 1858 1396 1942 duplicationis

272 1952 404 2020 suffixae
426 1954 598 2036 generibus
619 1954 738 2020 habeat
761 1956 823 2020 duo
845 1963 928 2034 sunt¹
941 1975 1024 2038 quae
1045 1975 1205 2022 moneam.

298 2038 302 2054 ”
359 2050 389 2136 1)
426 2051 567 2115 Primum
596 2057 645 2116 est
672 2051 757 2133 quod
785 2053 886 2118 verba
915 2052 977 2118 duo
1006 2059 1119 2118 extant
1146 2073 1282 2136 quorum
1311 2055 1397 2136 prior

271 2147 400 2232 syllaba
421 2147 516 2212 simul
539 2155 587 2213 est
608 2149 791 2214 imminuta:
823 2147 941 2235 laoy-rt
966 2147 1074 2236 ἰ-ω-ή,
1097 2151 1214 2234 quibus
1235 2149 1397 2216 iudicatur

267 2247 409 2329 priorem
431 2245 591 2329 syllabam
614 2247 706 2327 quasi
720 2247 983 2318 ,additamentum
1006 2267 1086 2314 esse.

355 2342 388 2426 2)
427 2343 572 2408 Alterum
606 2352 654 2409 est
683 2344 768 2427 quod
805 2365 864 2410 cac
892 2363 975 2426 quae
1009 2346 1071 2412 hue
1106 2347 1270 2429 pertinent
1299 2365 1395 2411 voces

268 2439 385 2504 atticae
406 2459 490 2521 quae
511 2449 643 2506 vocatur
666 2442 893 2526 duplicationis
914 2442 1125 2526 perfectorum
1148 2443 1393 2508 similitudinem

268 2538 435 2620 praebent.
495 2533 709 2620 ὀμ-ιόμ-ο-κα
745 2540 831 2611 enim
875 2547 907 2604 ct
950 2535 1148 2624 sapon-a
1161 2539 1186 2624 ⁷)
1233 2541 1394 2606 secundae

268 2635 415 2719 syllabae
451 2637 596 2701 vocalem
633 2637 787 2702 exhibent
822 2636 1025 2719 productam,
1063 2656 1127 2718 qua
1161 2656 1197 2702 re
1233 2636 1393 2702 iudicatur

268 2751 338 2797 eam
362 2733 522 2816 syllabam
546 2733 718 2816 genuinam
748 2735 838 2800 verbi
866 2733 1005 2800 radicem
1034 2755 1105 2800 esse
1142 2732 1197 2818 (cs.
1221 2735 1316 2800 etiam
1339 2741 1393 2800 τέ-

267 2829 377 2915 apl-a
397 2827 495 2914 rell).
712 2909 713 2912 Ἴ
1182 2869 1190 2879 κ
1352 2875 1357 2884 ·

352 2925 455 3004 Quam
492 2927 627 2992 alteram
664 2927 704 2990 ob
741 2947 870 2993 causam
903 2928 1006 3011 magis
1034 2927 1109 2993 licet
1139 2926 1287 2994 dubitare
1314 2948 1390 2992 num

266 3024 388 3088 vocalis
424 3023 634 3107 productione
661 3024 719 3088 illa
747 3025 851 3108 major
879 3027 966 3091 vocis
1000 3025 1049 3090 vis
1083 3045 1198 3091 revera
1226 3024 1389 3106 efficiatur,

267 3121 413 3203 quamvis
436 3121 562 3186 collatis
584 3121 666 3186 inter
687 3139 722 3186 se
744 3111 881 3206 ἀγάγεῑν
902 3129 936 3187 et
957 3118 1071 3208 ἀγωγή
1077 3122 1080 3128 ’
1099 3123 1196 3205 hujus
1218 3123 1320 3205 major
1341 3122 1390 3186 vis

267 3237 338 3284 esso
360 3217 517 3283 videatur.
558 3241 585 3280 ω
608 3225 716 3283 autem
738 3220 868 3300 vocalis,
892 3239 956 3301 qua
977 3221 1165 3303 praesertim
1187 3221 1311 3304 species
1331 3221 1388 3283 illa

267 3314 410 3396 efficitur,
440 3315 536 3381 etiam
564 3315 774 3399 perlectorum
797 3317 1025 3382 nonnullorum
1048 3323 1112 3382 est:
1149 3316 1227 3402 ἵημι
1248 3312 1386 3401 ipsura

266 3410 459 3493 ἀνειῦσθαι,
483 3417 599 3476 πίπτω
625 3417 792 3478 πέπτωκα
822 3412 875 3496 (cf.
899 3413 1062 3498 πτῶσις),
1096 3409 1237 3500 ῥήγνυμι
1260 3411 1384 3498 ἕῤῥωγα

334 3597 355 3661 ⁷)
374 3595 425 3662 Qui
443 3611 503 3650 cum
517 3597 614 3650 Fickio
633 3597 756 3652 scribunt
773 3593 948 3665 ἕ-γριί-γορ-ιι
966 3596 1024 3650 salli
1041 3597 1175 3652 videntur.
1202 3596 1295 3664 Neque
1316 3595 1381 3648 enim

265 3676 415 3744 respiciunt
432 3673 540 3738 ἴδ-ηδπ
554 3675 670 3727 ‹iul-arla
684 3678 807 3730 ὄπωπα
825 3677 1008 3746 perlectorum
1022 3677 1228 3742 similitudinem,
1246 3683 1273 3730 et
1288 3679 1380 3744 putant

263 3753 378 3822 'perlecti
399 3755 528 3824 syllabam
552 3755 729 3824 duplicatam,
755 3762 873 3811 ceterum
890 3763 946 3810 tam
964 3759 1048 3812 levem
1066 3763 1096 3811 ut
1118 3758 1254 3825 augmenti
1271 3755 1378 3823 speciem

265 3835 338 3888 haud
364 3850 425 3889 raro
452 3837 594 3903 praebeat,
621 3836 722 3891 vocalis
748 3837 925 3906 productione
951 3839 1044 3906 angeri
1071 3837 1200 3908 potuisse.
1236 3829 1378 3902 ᾰ-λή-λιφ-ιτ

266 3910 418 3977 biri-luta
436 3911 618 3985 ἒ-ρή-ριγ-μαι
635 3921 676 3981 (ut
693 3917 789 3971 scribit
803 3917 916 3972 F.²1ce.
935 3923 993 3972 394.
1013 3922 1080 3983 168.)
1099 3924 1190 3972 butem
1207 3915 1376 3987 perlectorum

266 4013 281 4058 η
299 3993 399 4048 vocalis
416 3998 474 4048 tum
491 3997 594 4050 carebit
610 3996 767 4066 interprete.
