2958 4868
292 432 334 496 96
804 409 916 492 natan

194 679 196 686 ,
292 610 414 676 forman
437 608 636 693 jndioamus‚
665 608 721 673 vix
748 607 859 674 dubito
881 611 958 692 quin
979 609 1068 693 apud
1089 607 1288 675 Herodotum
1317 603 1411 674 ἀκλέα

292 705 496 774 aribannum
517 707 568 773 sit.

376 807 416 872 lu
438 803 701 872 dialooto‘dorioa
715 804 847 870 nomina
869 804 998 888 propria
1015 825 1086 872 oum
1108 804 1219 882 ·κλεες
1241 805 1411 888 composita

292 923 366 972 aex
388 903 516 970 nasibus
537 901 676 985 obliquis
691 920 818 985 sempor
837 901 969 985 sjioiunt
990 902 1042 979 (51.
1057 902 1135 970 Ahr.
1151 904 1191 968 D.
1208 903 1247 968 D.
1264 898 1308 982 Π,
1325 904 1409 978 2365

292 1022 347 1070 aas
370 1002 456 1068 enim
477 999 598 1066 formas
619 1019 684 1064 non
706 1006 870 1083 correptas
892 1019 963 1065 5555
986 1019 1027 1066 nx
1041 1000 1160 1086 -κληος
1174 1005 1245 1082 551,
1269 998 1410 1065 oonoludi

291 1100 366 1166 lioot
383 1100 453 1184 jam
476 1118 517 1164 ox
539 1118 579 1164 aa
601 1116 713 1173 nausa,
742 1097 826 1179 quod
855 1099 954 1181 longa
974 1099 1077 1164 forma
1103 1099 1138 1164 in
1159 1121 1239 1184 -ηος
1261 1104 1322 1164 551.
1345 1117 1411 1162 nus·

291 1217 387 1281 quam
409 1203 525 1262 exstat.
565 1193 709 1260 Vooativi
724 1195 907 1278 exemplum
929 1196 963 1262 in
985 1196 1166 1280 purioribus
1187 1195 1330 1262 fontibus
1352 1215 1410 1260 non

290 1295 462 1380 reperitur,
496 1293 676 1375 suspioatur
697 1298 806 1358 autom
828 1290 1141 1378 51155555Ἥρακλες
1164 1293 1307 1359 dorioum
1329 1311 1409 1370 5555;

291 1411 483 1476 quamquam
499 1389 587 1474 apud
601 1388 776 1456 Pindarum
799 1390 858 1458 hos
879 1391 1016 1473 lagimus
1031 1391 1210 1458 vooativos:
1232 1391 1268 1456 Ρ.
1285 1390 1357 1469 VII,
1375 1396 1407 1454 15

289 1487 507 1574 Μεγάκλεες,
547 1487 752 1568 N.V11‚86
778 1483 968 1571 Ἡράκλεες.
1028 1487 1200 1572 Adjaotiva
1227 1488 1263 1552 in
1291 1488 1406 1567 -κλεες,

290 1606 374 1670 quaa
395 1606 460 1650 non
481 1587 685 1670 reperiuntur
713 1587 747 1650 in
769 1586 871 1652 titulis
894 1585 1028 1669 doricis,
1053 1585 1141 1670 apud
1162 1585 1338 1650 Pindarum
1359 1585 1408 1650 511-

291 1683 371 1750 dunt
385 1702 512 1766 sempor
528 1683 726 1748 nominativo
742 1689 877 1767 oxoopto
887 1684 1023 1750 alteram
1040 1708 1055 1749 ε
1071 1690 1106 1748 ut
1120 1683 1252 1748 nomina
1266 1683 1406 1766 propria;

209 1801 211 1808 ·
290 1781 354 1846 hao
382 1781 468 1846 onim
496 1781 618 1846 formae
649 1786 791 1846 exstant:
829 1776 951 1867 ἀκλεής
981 1779 1018 1848 Ο.
1047 1781 1130 1862 XII,
1157 1786 1211 1861 15,
1240 1779 1279 1844 15.
1303 1783 1359 1860 82,
1380 1787 1407 1860 5,

290 1878 404 1945 (isonat.
427 1886 530 1956 vacat,
553 1881 627 1944 Dat.
649 1874 762 1944 εὐκλέϊ
782 1875 819 1944 Ο.
843 1879 884 1960 X,
908 1882 964 1956 85,
994 1879 1034 1944 N.
1057 1879 1099 1961 ΙΙ,
1123 1882 1180 1959 26,
1209 1878 1250 1943 N.
1273 1877 1339 1958 ΙΙΙ,
1361 1879 1406 1942 68.

289 1977 364 2042 Aac.
393 1971 539 2059 ἀγακλέα
569 1976 603 2040 Ρ.
627 1975 686 2052 IX,
713 1978 790 2057 106,
825 1976 851 2040 Ι.
874 1977 900 2052 Ι,
922 1979 974 2058 34,
1011 1977 1130 2043 εὐκλέα
1153 1973 1189 2040 O.
1213 1975 1269 2057 VI,
1292 1978 1343 2057 76,
1374 1975 1406 2038 P.

289 2073 378 2154 vul,
403 2077 454 2156 on,
483 2073 542 2154 lx,
567 2077 617 2151 56,
642 2073 682 2138 ,5
706 2074 742 2155 v,
770 2078 818 2155 15,
848 2073 900 2148 v1,
923 2078 974 2154 45,
1005 2070 1177 2140 555155.
1202 2076 1252 2154 53,
1277 2079 1306 2147 5,
1336 2067 1406 2154 ὁμι-

289 2172 370 2236 κλέα
391 2171 429 2236 fr.
447 2174 496 2236 79.
527 2168 671 2237 εὐκλέων
693 2171 719 2236 Ι.
742 2171 802 2254 ΙΙΙ,
823 2174 853 2251 7,
876 2171 932 2253 IV,
948 2175 1005 2255 233
1027 2179 1197 2255 praeterea
1211 2171 1250 2236 G.
1266 2171 1305 2236 A.
1322 2171 1406 2236 Potor
1467 2191 1468 2194 ’

289 2270 340 2348 (D.
363 2271 404 2334 D.
426 2268 559 2334 Pindari
582 2271 635 2344 38)
668 2267 762 2333 affort
787 2263 926 2345 εὐκλέας
948 2288 989 2336 ox
1017 2269 1054 2336 Ο.
1084 2271 1132 2352 ΙΙ,
1161 2272 1218 2351 90,
1256 2267 1343 2351 quod
1362 2286 1405 2332 ma

287 2367 423 2449 fugerat.
481 2367 540 2432 His
576 2366 687 2432 (155555
723 2372 755 2431 51
786 2372 910 2449 septem
939 2368 1096 2451 exemplis
1123 2387 1190 2432 non
1216 2365 1404 2451 respondent

289 2465 373 2532 duae
394 2464 532 2531 formae:
555 2461 675 2530 εὐκλεᾶ
697 2463 732 2528 Ρ.
755 2464 838 2545 XII,
862 2467 902 2528 24
926 2471 957 2530 51
980 2465 1020 2530 N.
1044 2465 1098 2546 VI,
1119 2467 1171 2541 29,
1193 2464 1249 2528 ubi
1272 2465 1403 2530 51111555
1466 2511 1467 2544 ,

287 2583 359 2630 num
388 2587 409 2626 α
431 2583 503 2630 esso
530 2567 693 2629 eontracta
721 2561 858 2628 videtur.
902 2561 1030 2628 Ahrsns
1059 2558 1212 2628 εὖιιλεᾶ·’
1229 2559 1402 2643 οἰχομένων

287 2661 341 2745 (N.
357 2660 413 2744 VI,
431 2660 486 2746 29)
509 2659 697 2726 commutari
717 2659 787 2723 vult
807 2658 842 2724 in
865 2655 977 2725 εὐκλέ’
1001 2656 1247 2743 ἀποιχομένων,
1270 2659 1402 2738 Boenkh,

287 2759 455 2826 551Ρ5155
483 2756 580 2844 (1.1.)
607 2757 789 2838 assentitur,
818 2756 853 2822 in
875 2753 1024 2822 εὐκλεῑα·
1058 2781 1129 2841 παρ
1152 2759 1164 2822 .’
1182 2805 1201 2840 .,
1225 2756 1286 2824 sod
1315 2762 1404 2824 restat

287 2858 386 2924 otiam
407 2857 490 2922 altor
517 2857 623 2936 loous,
652 2873 747 2937 quom
777 2853 887 2920 dubito
915 2875 992 2920 num
1020 2859 1215 2921 oommutaro
1243 2855 1402 2938 possimus
1465 2869 1466 2880 ¹

287 2955 396 3022 Potius
419 2974 490 3020 oum
512 2951 654 3035 Bargkio
683 2957 714 3017 51
736 2951 945 3018 Mommsenio
974 2952 1168 3020 servandum
1197 2960 1248 3018 551
1276 2949 1400 3030 εὐκλέα,

286 3073 362 3118 nam
385 3051 544 3116 Pindarus
566 3069 631 3114 non
654 3067 780 3132 sempor
802 3048 863 3114 sibi
886 3056 1018 3130 oonsat,
1042 3049 1101 3116 sad
1121 3049 1220 3116 utitur
1233 3050 1343 3132 formis
1356 3047 1400 3112 551

287 3169 328 3216 ox
349 3149 424 3214 aliis
446 3147 592 3213 dialaotis
613 3146 803 3229 assumptis,
832 3147 883 3213 vel
904 3168 970 3214 non
991 3149 1034 3214 ab
1056 3147 1179 3214 eisdam
1201 3147 1400 3214 Dorisnsibus
1464 3207 1465 3224 ,

285 3246 463 3330 usurpatis,
492 3251 529 3311 ut
557 3245 649 3328 apion
667 3239 823 3328 Ἡρακλῆι
853 3231 953 3329 (LV,
978 3243 1033 3330 37)
1062 3265 1120 3328 pro
1143 3264 1181 3310 55
1204 3244 1291 3327 quod
1313 3240 1401 3318 omni-

285 3345 347 3412 bus
369 3345 442 3410 aliis
464 3343 543 3410 15515
565 3343 683 3425 legitur
701 3335 875 3425 Ἡρακλέϊ,
904 3349 936 3408 51
962 3343 1111 3430 βασιλῆα
1133 3349 1165 3408 51
1186 3342 1329 3424 βασιλέα
1356 3337 1399 3416 (oi.

283 3438 419 3522 Ἀχιλλᾶ
441 3439 477 3508 Ο.
500 3442 543 3521 ΙΙ,
566 3443 635 3522 79),
665 3445 697 3506 et
718 3439 846 3516 Κλεοῦς
872 3437 927 3523 (N.
951 3441 1009 3523 Ill,
1034 3438 1089 3525 83)
1119 3447 1151 3506 51
1172 3437 1281 3517 Κλεός
1308 3440 1344 3505 fr.
1365 3438 1397 3500 29

285 3540 328 3604 51.
373 3537 532 3604 Pindarus
560 3538 657 3620 igitur
684 3555 748 3604 non
771 3532 907 3619 εὐκλεᾶ,
937 3557 1021 3620 quaa
1048 3537 1150 3603 forma
1177 3537 1266 3622 apud
1286 3537 1397 3604 Attioos

287 3635 415 3701 domum
437 3635 471 3702 in
486 3655 546 3702 usu
561 3642 625 3718 551,
647 3634 706 3702 sed
729 3631 848 3700 εὐκλέα
870 3634 997 3702 videtur
1017 3635 1183 3720 soripsisso
1198 3635 1289 3719 opioo
1310 3649 1394 3707 mora,

198 3763 201 3768 Δ
285 3738 322 3797 51
336 3733 370 3798 in
380 3733 456 3798 Η55.
468 3752 511 3798 so.
519 3737 580 3800 448
589 3729 752 3820 Ἡρακλέα
765 3733 902 3816 legimns
917 3753 974 3816 pro
985 3733 1089 3819 -κλῆα
1103 3732 1136 3796 in
1145 3728 1294 3819 Ἰφικλῆα
1305 3733 1393 3800 5554.

371 3830 422 3894 Ex
437 3829 575 3896 (11515515
591 3831 709 3894 aeolica
725 3852 790 3896 non
813 3831 928 3913 habeo,
951 3829 1037 3912 quod
1051 3830 1194 3910 afferam,
1209 3830 1273 3898 nisi
1286 3824 1394 3894 arandi·
1462 3877 1463 3890 2

287 3947 359 3994 aum
392 3928 579 4010 Τιμοκλέος
613 3925 663 4012 (O.
690 3927 717 3992 Ι.
741 3927 779 3994 G.
805 3932 904 4012 1513;
933 3928 971 3994 of.
995 3927 1124 3994 Galbke
1153 3919 1393 4010 51551555),

284 4024 319 4090 in
342 4044 404 4108 quo
426 4025 529 4090 altora
551 4050 566 4091 ε
589 4025 670 4092 olisa
692 4030 751 4092 551.
