2972 4868
245 391 308 454 288
734 397 876 454 Fritasche

331 564 600 652 aa-aa-vyya
630 569 716 650 quoa
744 572 862 653 legitur
880 572 957 636 sure.
981 573 1073 638 Alex.
1099 576 1138 638 rs
1167 542 1268 658 (auia
1290 568 1362 637 uru-

244 665 339 750 λογγι
360 672 536 752 βαρῦνον),
567 667 626 732 etsi
647 667 775 733 videtur
795 667 829 732 id
852 687 923 734 esse
946 670 1031 752 quod
1053 677 1204 756 πνιγμῷ,
1231 667 1361 758 ἀπορίᾳ,

114 843 119 855 ⁵
248 762 432 851 δυσπνοίᾳ,
456 766 533 850 quid
556 768 677 832 sitnon
700 767 809 850 liquet.
833 763 890 849 (ιι
904 763 1077 849 diveatis?
1098 769 1138 833 οί.
1161 766 1363 836 damtuna·

245 867 447 948 φοβεῖσθαι.
471 863 584 930 ἀλύειν
607 865 683 930 Hes
707 872 739 930 et
760 862 955 950 γεγώνησις,
978 864 1168 952 γενήθησις
1190 866 1267 952 etc.)

331 973 609 1065 dri-eur-tuam
633 976 834 1066 (ἤπ-αφ-ον)
857 978 1048 1062 epalpandi
1062 981 1194 1046 notione
1217 979 1363 1063 (dm-n,

245 1067 349 1161 ἁφή)
383 1075 565 1160 decipiendi
597 1077 663 1140 vim
695 1077 859 1159 accepisse
886 1076 1092 1159 conjecerunt
1120 1079 1238 1144 Buttm.
1262 1081 1362 1146 (iram.

244 1173 294 1236 112
319 1179 388 1255 117,
418 1176 496 1240 Leb.
526 1175 627 1258 paral.
651 1179 707 1255 45,
738 1172 823 1238 Curt.
846 1175 960 1256 Temp.
984 1181 1017 1240 et
1045 1175 1133 1241 Medi
1158 1181 1217 1242 157
1249 1179 1297 1257 [cf.
1313 1181 1364 1245 lat.

239 1272 387 1354 palpare,
409 1275 578 1356 palpetu)]‚
602 1271 642 1336 cf.
657 1280 763 1337 autem
788 1271 917 1335 F.²425
942 1268 1052 1347 (δίπτω
1074 1273 1260 1360 ,ίανιδῃΐοαίί
1283 1276 1363 1342 unde

244 1367 483 1449 ‚,bestrtclrca“).
507 1403 548 1415 —-
571 1370 621 1436 De
644 1370 768 1434 ratione
790 1369 1024 1451 interpretandi
1045 1371 1120 1436 licet
1142 1373 1316 1456 ambigere.

329 1482 602 1569 ἇρ-αρ-ίζειν
626 1483 697 1557 (ἐπὶ
720 1485 836 1560 κυνῶν,
860 1479 929 1547 ἀπὸ
945 1489 1005 1568 τῆς
1028 1481 1070 1566 ἀρ
1087 1493 1205 1572 φωνῆς
1220 1489 1364 1555 Ammon.

248 1585 317 1656 138)
341 1590 391 1646 est
404 1583 521 1648 iterare
536 1583 661 1647 literam
678 1582 835 1662 caninam,
860 1580 944 1663 quod
959 1581 1043 1650 idem
1060 1583 1259 1666 significatur
1271 1587 1364 1652 verbe

244 1675 411 1766 ἇῤῥάζειν.
436 1715 474 1725 -
499 1678 705 1765 (ίῤῥὲξομαι·
729 1681 926 1764 φθέγξομαι
948 1679 1059 1754 Hes.?)

330 1783 598 1878 ἆρ-άρ-ισκε,
637 1815 703 1860 aer.
739 1790 899 1880 ἤρ-αρ-ον
933 1814 951 1858 e
979 1795 1016 1858 R.
1047 1791 1088 1878 ἄρ
1124 1793 1176 1878 (O.
1205 1796 1261 1862 Nr.
1291 1797 1365 1884 488)

244 1899 314 1956 crta
347 1897 436 1971 suut,
469 1892 520 1956 cui
549 1891 724 1975 duplicatio
752 1891 816 1956 vim
839 1893 1036 1956 causativam
1058 1892 1147 1958 dedit
1179 1889 1365 1980 (δραρίοκω

244 2023 285 2042 =
300 2010 359 2056 scr.
375 2010 461 2055 caus.
477 1989 666 2074 urpuydmr').
683 2025 725 2038 -
747 1986 953 2073 ἀρ-αρ-ινοί·
977 1985 1041 2054 ὅσα
1063 1997 1364 2078 παρασφηνοῦνται

242 2085 385 2171 desidera
408 2085 540 2164 εἰςτὰς
562 2087 701 2174 ῥανίδας
724 2088 799 2152 Hes

328 2201 546 2283 ίλ-ἐλ-ίζω
571 2203 695 2282 (ἐλελεῦ
718 2235 761 2254 ==
783 2198 917 2278 ἀλαλαὶ),
951 2207 998 2286 τῷ
1018 2197 1174 2287 Ἐνοαλιῴ
1196 2203 1281 2270 Xeu.
1303 2206 1364 2270 An.

245 2307 271 2380 1,
296 2307 392 2383 8,18.
428 2303 518 2368 Idem
542 2303 583 2367 de
605 2301 761 2368 lusciniae
783 2298 988 2382 querimoniis
1010 2300 1176 2384 usurpavit
1196 2301 1270 2366 Idur.
1293 2303 1364 2370 Hel.

246 2405 321 2464 1111
349 2409 380 2466 et
404 2400 524 2466 eisdem
547 2400 615 2466 iere
636 2399 745 2466 verbis
767 2418 842 2464 usus
864 2397 917 2462 Ar.
940 2397 1001 2460 Av.
1025 2401 1096 2463 213.

328 2520 566 2602 δα-,ελ-ίζω,
600 2529 705 2601 verte,
729 2539 868 2600 corusce,
892 2508 1047 2583 concutio.
1091 2520 1140 2584 De
1163 2519 1255 2602 cujus
1275 2523 1363 2588 verbi

242 2621 475 2703 significatione
504 2620 683 2686 accuratius
713 2618 863 2684 disseruit
885 2618 1003 2681 Buttm.
1026 2617 1130 2682 Lexil.
1153 2617 1194 2697 Ii,
1221 2622 1290 2700 130,
1324 2640 1364 2686 ex

242 2718 365 2784 ἑίίοοω
382 2727 493 2784 uatum
510 2727 662 2784 statuens.
693 2717 824 2780 Fickius
839 2721 951 2779 centra
974 2713 1066 2797 (²169
1083 2723 1115 2780 et
1129 2715 1195 2780 ΚΖ.
1212 2719 1260 2796 19,
1276 2717 1363 2802 252),

240 2823 332 2900 putat
361 2817 502 2881 radicem
537 2835 607 2881 esse
636 2816 698 2898 λιν,
732 2813 858 2878 cellatis
890 2832 947 2876 scr.
977 2809 1116 2894 νδᾴ-αίί,
1150 2818 1215 2893 get.
1245 2813 1362 2878 ίαιῚν-αν

240 2915 370 2980 saltare.
409 2937 424 2978 ε
453 2914 549 2994 igitur·
570 2913 640 2976 vult
666 2931 737 2975 esse
758 2911 791 2974 id
822 2910 907 2991 qued
928 2910 1053 2976 Pettius
1080 2909 1210 2974 vocarit
1237 2913 1363 2996 prothe-

239 3014 346 3076 ticum.
391 3011 457 3078 Sed
490 3011 615 3076 etiamsi
648 3009 778 3074 missum
811 3008 964 3074 iaciamus
997 3009 1083 3091 qued
1114 3007 1238 3089 reliqua
1264 3011 1361 3076 verba

242 3109 405 3192 duplicata
423 3109 528 3172 vocali
550 3107 727 3190 prothetica
749 3113 859 3171 carent
881 3107 998 3188 emnia,
1021 3111 1130 3171 tamen
1152 3105 1186 3168 id
1207 3106 1360 3189 imprimis

240 3207 360 3282 obstat,
396 3206 481 3288 quod
504 3225 522 3271 e
544 3205 693 3269 vibrandi
718 3201 801 3286 (red)
824 3204 875 3268 vel
899 3204 1040 3268 saltandi
1062 3201 1210 3286 (laid-ua)
1233 3205 1362 3272 notione

239 3304 327 3370 nasci
350 3324 416 3368 nou
438 3303 542 3387 potuit
563 3301 752 3385 significatio
775 3302 929 3365 volvendi
954 3303 1046 3386 (περὶ
1071 3299 1107 3365 δὲ
1132 3299 1267 3388 σχεδίην
1289 3301 1360 3368 ἐλέ-

239 3403 328 3482 λιξεν
352 3425 367 3466 ε
391 3405 465 3477 314)
489 3409 521 3466 et
543 3399 689 3466 vertendi
719 3398 764 3482 (Z
789 3402 857 3463 106.
894 3406 933 3462 A
955 3389 1041 3482 588).
1085 3402 1191 3480 Quare
1220 3406 1360 3485 praestet

239 3506 380 3565 statuere
412 3499 552 3564 radicem
582 3497 633 3575 δλ,
666 3518 749 3580 quae
778 3495 836 3560 etsi
866 3495 1071 3578 digammatis
1100 3500 1194 3565 nulla
1226 3497 1358 3580 vestigia

239 3598 379 3661 servavit
393 3604 501 3662 tamen
517 3597 631 3662 eadem
646 3597 782 3664 fortasse
798 3605 846 3662 est
860 3606 956 3680 atque
972 3599 1030 3663 aa
1043 3599 1111 3679 illa,
1135 3599 1222 3666 unde
1237 3599 1357 3666 ἑλίοοω

239 3701 341 3758 crtum
371 3701 435 3776 est3
467 3731 510 3740 —
541 3715 616 3758 uam
645 3701 681 3759 ut
709 3695 834 3761 radices
862 3695 943 3761 duas
965 3697 1024 3760 set
1055 3703 1087 3762 et
1108 3697 1162 3780 λιγ
1184 3705 1357 3763 statuamus

239 3789 287 3874 (d.
318 3791 412 3855 Verb.
436 3793 466 3873 Ι,
497 3791 573 3873 323)
605 3793 798 3860 necessitate
833 3795 924 3858 nulla
951 3791 1097 3858 videmur
1124 3795 1287 3878 adstringi.
1313 3827 1355 3838 —

122 3899 124 3902 ’
238 3885 518 3973 ἐλελίχθημα·
550 3889 703 3972 ’σεισμόν
743 3889 1040 3978 dictionesque·
1075 3887 1251 3979 εδοτροφε,
1280 3885 1354 3953 δίδ-

240 4007 366 4071 στροφε
390 3985 465 4050 Hes
