2958 4868
485 415 527 468 De
544 414 658 470 nieetaei
674 415 818 472 homerica.
1052 381 1055 388 ι
1145 415 1204 477 173

96 585 183 652 Verbi
203 583 446 672 μηχανάασθαι
462 587 649 654 varietatem
668 585 737 670 jam
753 586 937 654 Ellendtius
959 587 1062 668 („drei
1084 591 1203 660 homer.

93 683 283 748 Abhandll.“
306 687 358 760 24)
380 683 560 762 adnotavit,
583 683 670 768 apud
693 704 786 767 quem
809 686 909 752 multa
931 685 1048 752 similia
1070 690 1206 756 oolleeta

94 781 196 847 habes.

170 879 292 946 Eadem
315 886 421 946 antem
444 879 584 944 varietas
605 879 692 962 apud
715 899 786 960 eos,
809 880 863 962 qui
885 881 1058 947 Homerum
1080 883 1206 950 imitan-

91 987 144 1056 tur,
173 978 374 1061 eonspioitur.
419 975 512 1056 Quod
535 983 569 1042 ut
591 977 731 1059 eluceat,
762 997 801 1044 sa
822 983 946 1045 tantum
969 981 1068 1046 verba
1090 980 1207 1048 adseri-

92 1075 175 1153 bam,
208 1095 357 1158 quorum,
388 1095 457 1140 eum
482 1073 639 1140 Homerus
661 1077 731 1142 solu
752 1075 858 1142 uetiva
885 1075 987 1142 lorma
1008 1083 1123 1155 utatur,
1156 1080 1206 1144 illi

91 1172 180 1237 etiam
208 1171 317 1238 media
346 1193 424 1237 uoee
451 1179 590 1253 utuntur,
629 1179 661 1238 et
689 1173 811 1238 vieibus
843 1173 953 1240 versis.
995 1172 1089 1256 βσάω
1118 1176 1206 1258 apud

91 1269 176 1336 Hom.
199 1289 326 1353 semper
348 1271 467 1352 aotive,
497 1269 556 1336 sed
578 1291 629 1354 ap.
654 1271 723 1338 Nio.
746 1269 783 1336 tr.
808 1274 858 1350 31,
882 1275 902 1334 4
931 1271 1054 1350 (Didot)
1077 1271 1206 1356 βοόων-

90 1390 141 1432 ται
162 1373 192 1442 [e
213 1367 298 1450 oonj.
321 1365 358 1434 Ο.
381 1368 572 1434 Sohneideri
593 1370 627 1434 in
649 1369 748 1436 sehol.
771 1367 814 1434 ud
832 1368 943 1450 alpoll.
966 1370 991 1447 I,
1015 1373 1106 1454 419),
1137 1369 1207 1438 διι-

90 1462 253 1530 κανόωντο
291 1465 394 1546 Hom.,
433 1463 637 1532 δεικανόωσι
672 1467 760 1532 Aret.
795 1468 867 1530 209.
903 1501 945 1512 -
983 1465 1205 1552 δηριάασθαι,
1311 1461 1320 1478 “

89 1567 198 1642 -οδον,
222 1567 350 1640 -σθων,
373 1560 559 1650 δηριόωντο
581 1564 684 1646 Hom,
710 1563 891 1650 δηριόωσιν
914 1564 1055 1630 Maneth.
1079 1569 1109 1645 2,
1133 1568 1204 1648 278,

90 1657 229 1745 δηριόων
247 1661 353 1726 Nonn.
373 1662 411 1725 D.
432 1665 480 1742 17,
505 1665 576 1744 252,
601 1659 790 1747 δηριόωντα
812 1661 920 1740 Quint.
944 1667 974 1743 4,
997 1665 1069 1727 221.
1093 1666 1122 1744 6,
1144 1666 1202 1730 287

90 1755 301 1844 (δηριόωνται
329 1764 366 1839 4,
393 1762 462 1824 165.
493 1762 583 1838 244),
619 1757 700 1844 Opp.
731 1758 811 1843 Oyn.
835 1762 871 1840 2,
900 1762 972 1839 247,
998 1758 1206 1848 δηριόωντες

90 1853 189 1937 llpoll.
209 1860 237 1936 1,
259 1859 330 1936 752,
354 1856 461 1934 Quint.
485 1861 514 1936 4,
539 1860 611 1939 465,
636 1858 742 1922 Nonn.
758 1858 798 1922 D.
822 1861 873 1938 36,
897 1861 969 1936 466,
993 1859 1098 1924 Tuetz.
1121 1858 1155 1922 P.
1165 1859 1205 1924 H.

89 1955 142 2016 321
172 1949 376 2039 (δηριόωντο
398 1953 491 2038 483),
522 1953 730 2040 δηριόωντας
755 1955 863 2038 Apoll.
890 1960 917 2036 1,
941 1958 1002 2020 493
1026 1954 1205 2042 (δηριόων-

88 2073 139 2114 ται
161 2054 302 2130 41729.
328 2049 434 2136 1772),
459 2051 567 2129 Quint.
583 2057 612 2132 4,
630 2055 702 2132 472,
728 2047 932 2137 δηριάασκες
954 2051 1062 2132 Quint.
1086 2059 1115 2132 5,
1132 2057 1204 2134 443,

90 2145 289 2232 δηριάασκεν
312 2145 393 2232 Opp.
423 2147 502 2232 Cyn.
528 2153 561 2230 1,
591 2153 670 2232 230,
702 2147 874 2235 δηριόωσα
896 2151 1000 2216 'Enete
1023 2149 1110 2215 A.H.
1135 2155 1205 2216 116.

88 2279 125 2288 -
162 2242 375 2328 ἑδριάασθαι
408 2253 441 2310 et
479 2244 661 2328 ἑδριόωντο
698 2247 801 2327 Hom,
841 2253 953 2312 eontra
989 2244 1205 2330 παρεδριόων

88 2343 189 2424 Apoll.
214 2347 355 2425 2,1039,
380 2339 577 2427 ἑδριόωντες
601 2349 630 2424 3,
650 2348 719 2425 170,
743 2341 1016 2428 παρεδριόωντες
1039 2345 1145 2410 Noun.
1165 2346 1204 2411 D.

89 2442 133 2520 27,
150 2443 222 2522 242,
248 2439 451 2521 ἑδριόωντας
467 2439 565 2523 Orph.
582 2443 658 2524 Arg.
675 2445 746 2520 807,
763 2438 995 2527 ἐφεδριόωντα
1012 2439 1137 2506 0010111.
1156 2447 1204 2524 15,

87 2535 323 2621 παρεδριόωσα
346 2539 453 2604 Noun.
476 2539 515 2604 D.
539 2544 568 2619 4,
592 2543 643 2620 75,
670 2537 918 2623 ἐφεδριάασκεν
942 2541 1046 2604 Taele.
1069 2539 1108 2602 H.
1132 2542 1204 2604 392.

87 2667 125 2678 --
155 2632 294 2717 μαιμάω
317 2655 444 2718 semper
464 2637 570 2702 aetiva
598 2636 715 2716 torma,
749 2635 849 2702 semel
871 2641 978 2701 autem
1001 2633 1204 2717 μαιμώοντα

87 2731 216 2816 Dionys.
241 2734 310 2800 Per.
338 2737 427 2798 1156.
464 2769 506 2780 -
543 2731 706 2800 σκιόωντσ
730 2751 828 2816 saepe
850 2733 883 2800 in
906 2731 1053 2816 Odyssea
1062 2780 1069 2813 ,
1094 2739 1204 2799 eontra

86 2826 274 2896 όπισκιόων
297 2831 403 2896 Nonn.
425 2833 465 2896 D.
483 2835 532 2910 38,
549 2836 621 2910 255,
646 2828 826 2907 σκιόωντες
848 2830 925 2896 ibid.
946 2837 971 2914 1,
990 2833 1061 2894 292.
1085 2834 1136 2912 37,
1152 2835 1203 2912 40,

87 2925 234 2992 σκιόωσα
257 2932 308 3008 44,
334 2932 404 2992 127.
428 2933 479 3008 48,
504 2931 575 3010 659,
599 2925 769 2994 σκιόωσαν
785 2933 836 3007 40,
860 2934 889 2990 5.
913 2932 964 3008 43,
988 2930 1060 3008 359,
1085 2925 1205 2994 σκιάα-

88 3045 161 3090 σκεν
184 3027 290 3092 Teetz.
313 3025 394 3090 Ρ.Η.
417 3028 489 3092 248.
513 3061 554 3072 -
578 3023 759 3106 στιχόωντο
781 3045 879 3108 saepe
900 3025 935 3090 in
956 3025 1069 3108 Iliade,
1093 3031 1204 3112 eontra

87 3121 245 3202 στιχόωσι
266 3125 354 3188 Aret.
380 3126 458 3204 191,
495 3121 592 3206 Orph.
615 3123 699 3188 Lith.
722 3126 801 3205 269,
840 3123 946 3188 Nonn.
975 3123 1014 3188 D.
1045 3127 1101 3205 25,
1131 3126 1201 3188 399.

87 3220 139 3300 26,
162 3223 236 3284 223.
273 3223 331 3301 42,
355 3223 411 3300 88,
449 3217 692 3304 περιστιχόωσι
721 3221 791 3286 Nie.
818 3220 878 3284 Th.
902 3224 980 3303 442,
1019 3219 1203 3302 στιχόωντα

86 3317 169 3384 Arai.
192 3321 266 3382 372.

165 3414 241 3479 Jam
263 3413 290 3480 si
311 3415 358 3482 rei
379 3435 535 3481 summam
557 3415 667 3497 paueis
682 3414 897 3498 astringimus,
920 3415 981 3480 tria
1003 3414 1202 3498 potissimum

87 3517 165 3592 sunt,
188 3530 273 3592 quae
295 3511 383 3577 Curti
405 3511 585 3579 sententiae
608 3511 647 3577 de
670 3500 857 3594 quantitatis
878 3513 1126 3596 transpositione
1148 3512 1204 3578 ad-

87 3605 145 3674 hue
167 3609 295 3676 obstare
317 3609 480 3676 videntur:
503 3610 741 3693 primumquod
762 3609 1022 3693 transpositionis
1043 3610 1202 3676 voealium

87 3725 130 3768 ωο
152 3704 186 3770 in
209 3729 256 3770 σω
279 3708 403 3772 nullum
424 3727 553 3792 prorsus
575 3707 688 3790 simile,
711 3707 871 3772 voealium
894 3707 936 3778 ᾱά
957 3707 991 3771 in
1013 3705 1058 3772 άᾱ
1079 3713 1148 3784 (out
1169 3709 1203 3774 in

87 3801 136 3888 ἄη)
172 3803 302 3869 omnino
330 3806 453 3870 nullum
488 3805 671 3889 exemplum
699 3805 840 3886 reperire
871 3805 1047 3890 potuimus,
1085 3805 1203 3871 deinde

88 3900 168 3980 quod
189 3925 211 3965 α
232 3903 402 3968 verborum
424 3903 457 3968 iu
479 3925 557 3983 -αω,
581 3902 765 3985 priusquam
787 3904 917 3968 vocales
938 3905 1115 3970 mutatione
1137 3903 1203 3968 alfi-

87 4005 236 4082 oerentur,
265 4005 442 4083 eorreptsm
464 3999 563 4065 luisse
585 4019 624 4066 ex
653 3997 762 4064 formis
784 3999 953 4066 homericis
975 4000 1202 4085 oonelusimus;
