2972 4868
465 482 498 534 de
516 479 728 550 reduplicatione
745 497 851 548 graece.
1168 481 1226 540 291

114 640 205 737 ἦχος,
239 648 276 717 δν
306 653 362 717 καὶ
391 649 598 738 κορκορυγὴν
626 651 785 717 καλοῦσιν
813 652 905 736 Hes.)
939 654 1084 738 ejusdem
1112 654 1230 721 radicis

114 753 161 818 vel
180 751 320 816 fabricae
336 757 410 815 sunt
430 749 521 832 cujus
542 747 724 832 βάρβαρος,
747 751 881 816 fortasse
897 749 1077 836 βόρβορος.

193 848 419 933 γαρ-γαλ-ί
427 845 529 926 ζειν,
552 844 727 930 γάργαλος,
750 847 988 932 γαργαλισμός,
1005 848 1132 932 -λιγμα,
1156 849 1230 916 titil-

113 947 187 1026 lare,
210 955 283 1013 sunt
304 947 422 1014 radicis
444 945 505 1029 γαί
528 942 571 1025 (v.
595 945 804 1027 γαγγαίίζειν
824 947 853 1024 ξ.
877 951 895 1012 3
919 946 981 1032 Α.)

192 1042 265 1129 γάρ
275 1066 370 1129 -γαρ
380 1085 395 1095 -
404 1069 424 1108 α
439 1045 509 1130 (pt,
524 1042 899 1129 ψαμμακοσιογάργαρα
911 1045 965 1109 Ar.
977 1045 1056 1110 Ach.
1069 1044 1103 1128 3)
1124 1047 1230 1130 copie,

110 1143 194 1208 unde
215 1147 409 1226 γαργαίρειν
432 1145 563 1227 plenum
579 1163 649 1210 esee
672 1141 893 1226 (schotti),
916 1141 1003 1207 idem
1026 1149 1075 1210 est
1096 1163 1134 1208 ac
1148 1141 1230 1229 γάρ·
1301 1133 1307 1146 ’

110 1241 226 1324 γαλ-α·
249 1237 358 1305 πολλά
373 1249 405 1306 ei
426 1246 617 1325 γέρ-γερ-α·
642 1238 752 1304 πολλά
767 1240 853 1322 Hes,
865 1233 874 1252 ⁸
884 1239 977 1305 radix
992 1246 1099 1307 autem
1116 1241 1230 1308 eadem

110 1337 243 1404 tortasse
266 1358 303 1403 ac
325 1338 414 1403 verbi
438 1335 561 1421 ἀγείρω
585 1336 634 1421 (O.
658 1339 753 1404 Verb.
778 1337 803 1420 1,
828 1338 914 1420 306).

192 1432 466 1521 γαρ-γαρ-ής·
495 1434 647 1520 θόρυβος
675 1435 762 1515 Hes,
800 1436 837 1500 ei.
867 1433 1030 1520 γάραβος·
1062 1430 1228 1518 δλολογών

108 1532 161 1611 iu,
181 1541 213 1600 et
233 1539 346 1620 γῆρυς.
370 1569 408 1579 -
432 1553 490 1599 scr.
508 1554 678 1616 qur-quma
696 1534 776 1616 lyra.
800 1531 952 1615 (γίγγρας
969 1531 1077 1615 infra.)

192 1630 529 1716 γαρ-γαρ-ίζειν,
563 1631 780 1714 gargarizare,
814 1629 1008 1715 γαργαρεών
1041 1631 1156 1710 uvuia,
1191 1630 1228 1694 R.

109 1750 168 1808 ρον
188 1761 232 1780 =
253 1733 316 1811 βορ
341 1727 390 1811 (O.
413 1729 469 1798 ΝΥ.
493 1728 578 1812 643),
613 1729 652 1794 cf.
675 1749 734 1794 scr.
766 1749 888 1811 μονα-ε
908 1723 1021 1812 βορός,
1055 1729 1228 1811 αι’-μοί-ροί,

110 1823 303 1910 renuat-qut
325 1825 494 1909 devorare,
520 1835 601 1911 part.
622 1825 849 1919 ρὀν-ραν-όκος
882 1829 937 1892 lat.
959 1825 1159 1910 yur-qutio?
1190 1825 1230 1892 Id

111 1925 194 2007 quod
217 1945 277 1991 scr.
298 1945 482 2007 ςεν-γον-αε
502 1945 628 2008 gurges,
651 1931 764 1990 vortex
786 1931 835 1991 est
856 1930 1063 2008 γέρ-γερ-ος·
1086 1921 1230 2008 βρόγχος

109 2021 192 2104 Hcs,
217 2019 436 2105 duplicatione
457 2023 593 2088 infracta
613 2043 767 2105 ραν-ρ-οε.

191 2115 475 2204 Γόρ-γαρ-ον,
498 2119 635 2185 Troadis
650 2121 910 2202 promontorium,
926 2127 1144 2203 nuncupatum
1160 2115 1230 2184 ἀπὸ

108 2222 165 2279 τοῦ
193 2215 407 2300 γαργαρίζειν
435 2217 489 2282 καί
519 2215 718 2282 ἀναδιδόναι
749 2215 791 2280 τά
824 2214 930 2282 ὑδατα
967 2217 1090 2302 (Sobel.
1123 2220 1150 2282 0
1175 2215 1231 2300 48)

110 2313 193 2395 quod
212 2313 455 2378 commendatur
470 2315 540 2398 ipso
555 2315 685 2382 Homeri
708 2317 794 2381 loco:
810 2312 897 2402 Ἴδην
915 2313 948 2379 δ’
965 2315 1079 2380 ἵκανεν
1101 2313 1230 2376 πολυ-

22 2423 25 2432 ’
108 2410 288 2488 πίδακα,
310 2415 440 2497 μητέρα
462 2415 590 2499 θηρῶν,
614 2410 786 2498 Γάργαρον
809 2414 876 2478 κτλ.
1242 2415 1246 2434 “

191 2506 489 2593 γαρ-γάρ-ιαι·
526 2511 623 2575 λίθοι
652 2507 835 2596 αὐτοφυεῖς
864 2510 939 2576 Hes.
962 2515 1035 2593 post
1056 2505 1228 2592 γάργασις.

191 2629 234 2690 γε
247 2611 489 2690 ρ-γέρ·ιμος
511 2607 659 2687 caducus,
683 2627 742 2673 scr.
760 2603 946 2690 όον-ρόν-οε
960 2607 1066 2673 mollis
1074 2654 1082 2688 ,
1106 2607 1142 2670 R.
1159 2625 1228 2688 γον,

109 2725 165 2788 γερ
189 2723 358 2770 senescere
381 2701 454 2789 (scr.
475 2702 575 2786 μόνον
590 2735 633 2755 =
647 2703 778 2789 γέρων).

191 2805 468 2886 γερ-γέρ-οψ·
494 2801 578 2881 ζῶον
601 2801 676 2868 Hes

189 2895 438 2983 γερ-γόρ-α·
472 2893 490 2962 ὑ
519 2894 707 2980 ὑπόνομος,
742 2904 866 2982 κυρίως
901 2897 948 2964 δι’
979 2891 1017 2964 οὗ
1049 2896 1091 2960 τὰ
1123 2893 1229 2962 ὑδατα

111 3001 253 3081 φέρεται
276 2995 316 3060 τὰ
339 2992 464 3080 ὄμβρια
488 3045 621 3060 .....
656 2995 747 3084 ζήτει
770 2997 820 3075 εἰς
842 2995 883 3062 τά
907 3003 936 3062 Γ
942 2994 1114 3082 όργορα·
1150 2989 1228 3060 tot

104 3087 248 3176 Ἀλκμάν
280 3093 330 3175 (fr.
358 3097 417 3158 132
439 3093 492 3178 Β.)
521 3094 578 3159 διὰ
607 3101 666 3160 τοῦ
690 3121 705 3162 ε
728 3093 872 3180 γεργάρα
900 3095 952 3179 (E.
976 3092 1044 3177 Μ.)
1076 3129 1118 3138 -
1150 3113 1230 3176 γορ-Ι

108 3189 225 3275 γόρ-α·
250 3187 431 3273 ὑπόνομος,
456 3189 505 3255 δι’
531 3181 569 3257 οὑ
591 3191 633 3256 τὰ
655 3190 761 3258 teoto
783 3187 924 3279 ὑπεξῄει
940 3193 1015 3258 Hes.
1040 3187 1229 3274 γεργάρ-α·

109 3287 202 3377 αὐλή.
228 3287 458 3375 δεσμωτήριον
480 3289 535 3372 id,
559 3290 643 3373 quod
666 3289 877 3374 γαργαρίζειν
901 3291 1045 3356 conferre
1067 3293 1162 3353 vetat.

191 3384 463 3471 κάρ-καρ-οι·
502 3401 644 3476 τραχεῖς.
683 3389 739 3452 καὶ
764 3388 884 3469 δεσμοί
914 3385 1034 3473 (Hcs),
1073 3407 1131 3452 ser.
1155 3384 1231 3447 Ιεον-

108 3482 200 3547 ius-c
224 3483 331 3566 durus,
354 3485 391 3548 R.
411 3484 472 3546 tor
493 3485 606 3550 durum
630 3505 709 3564 esse,
733 3486 771 3551 ci.
794 3483 942 3568 κάρ-εον,
966 3486 1074 3547 carium
1097 3488 1129 3548 et
1150 3505 1230 3566 καρ-

109 3587 218 3659 κ-ίνος
254 3581 325 3648 rell.
363 3583 391 3660 ξ.
416 3588 434 3647 5
464 3584 501 3648 Β.
546 3582 625 3648 Cum
658 3581 838 3668 Hesychius
874 3583 975 3649 addat
1007 3584 1064 3648 καὶ
1099 3581 1229 3662 δεσμοί,

109 3679 243 3746 fortasse
265 3677 500 3763 κάρ-παρα
522 3699 647 3762 quoque
663 3679 731 3745 huc
754 3682 906 3764 pertinet,
931 3681 1016 3763 quod
1038 3680 1125 3745 idem
1146 3679 1230 3743 inter

108 3775 173 3842 alia
194 3777 349 3843 mendosa
369 3777 596 3859 interpretatur
619 3776 704 3842 όνιοι
726 3779 783 3842 καὶ
805 3777 865 3854 τὰς
887 3777 1078 3862 μάνδρας),
1103 3783 1134 3843 et
1149 3772 1230 3859 acio-

176 3992 198 4054 4)
228 3989 348 4060 Reliquis
373 4005 479 4059 quoque
497 3993 610 4061 quaein
632 3994 738 4061 glossae
756 3991 859 4046 mendis
883 3991 1043 4046 delitescunt
1060 3987 1171 4044 durities
1188 3985 1229 4042 in·

109 4067 225 4125 untur:
245 4065 310 4126 otro
329 4067 452 4126 ὀδόντων
470 4077 498 4126 et
513 4078 614 4145 πίτυρα
632 4077 665 4138 (v.
683 4073 809 4142 κέγ-χροε
826 4071 917 4136 inira).
