2958 4868
482 445 523 500 De
542 445 654 502 diectasi
671 445 816 501 homerica.
1152 441 1211 502 157

99 639 208 704 graeca
228 619 261 684 in
284 641 348 682 -οω
371 619 413 682 ah
429 617 597 700 adjectivis
620 615 766 682 derivata
781 624 902 682 suntet
920 617 1033 684 eadem
1050 620 1091 699 vi,
1115 638 1209 702 quam

100 717 209 794 dicunt,
232 716 374 781 iactitira
389 737 448 780 usu
470 717 603 780 veniunt
626 716 675 790 (ci.
692 715 777 780 Ourt.
794 715 904 799 Symh.
923 715 1002 799 phil.
1019 717 1121 781 Bonn.
1138 722 1210 782 272.

100 815 233 880 Grassm.
264 813 303 878 K.
327 813 362 878 Z.
386 813 450 890 XI,
482 815 631 882 stt-99».
681 812 771 891 Quae
800 813 988 895 gravissimo
1016 813 1109 880 nohis
1138 822 1212 880 sunt

98 911 219 990 indicio,
242 912 342 978 verba
363 912 397 974 in
420 931 470 973 -no
494 931 513 974 a
535 911 659 993 graecis
680 912 714 975 iu
736 933 803 973 -αω
827 911 953 994 sejungi
976 933 1040 976 non
1063 931 1167 996 porse.

177 995 269 1088 'Quod
291 1029 367 1074 vero
382 1029 446 1074 non
462 1009 543 1073 adeo
560 1009 660 1074 multa
676 1009 825 1092 exempla
840 1009 1054 1088 inveniantur,
1079 1029 1210 1092 quorum

98 1115 126 1173 et
146 1109 260 1191 stirpes
276 1115 307 1172 et
321 1105 436 1171 suffixa
452 1107 564 1171 eadem
581 1107 644 1172 sint
660 1107 691 1170 in
713 1125 830 1188 graeca
848 1112 944 1189 atque
965 1108 1068 1171 latina
1089 1109 1210 1190 lingua,

97 1225 156 1270 non
179 1213 241 1284 est,
276 1226 331 1270 our
351 1206 512 1270 miremur.
557 1207 607 1270 Ex
629 1205 787 1268 immensa
809 1203 894 1268 enim
916 1205 1084 1269 verborum
1108 1203 1210 1290 copia,

97 1321 155 1385 qua
187 1303 258 1369 sine
294 1303 390 1368 dubio
420 1302 614 1368 Graeooitali
647 1299 710 1382 illi,
754 1319 833 1384 quos
866 1310 997 1383 vocant,
1030 1305 1210 1386 utebantur,

97 1408 259 1484 postquam
282 1401 417 1482 digressi
442 1405 525 1481 sunt,
552 1399 666 1465 Graeci
689 1400 764 1480 alia,
788 1399 853 1463 alia
875 1400 949 1465 Itali
973 1408 1132 1483 tamquam
1155 1404 1212 1466 im-

97 1499 277 1582 pedimenta
311 1499 439 1562 inutilia
472 1506 568 1580 atque
596 1498 630 1561 in
664 1497 811 1562 diuturno
845 1497 958 1564 itinere
991 1501 1127 1565 molesta
1159 1501 1213 1564 ab·

93 1597 235 1679 jecerunt
243 1645 251 1679 ‚
288 1596 322 1662 hi
350 1597 432 1678 alio,
470 1596 534 1660 aiio
562 1595 611 1659 illi
640 1601 672 1660 et
699 1615 808 1677 amora
842 1602 874 1662 et
911 1595 1020 1662 taedio
1059 1597 1144 1662 ducti
1178 1599 1212 1662 in

96 1695 251 1778 eligendo.
338 1733 368 1754 ,-

174 1793 253 1858 Post
289 1790 492 1858 Gorssenium
529 1797 636 1857 autem
678 1792 861 1875 nuperrime
898 1791 1212 1875 Savelshergius

97 1891 131 1955 K.
153 1892 186 1956 Ζ.
210 1891 308 1974 XXI,
337 1894 396 1954 146
419 1909 487 1972 sqq.
517 1909 582 1953 non
604 1890 707 1956 solum
733 1891 833 1956 verba
854 1891 888 1954 in
911 1911 995 1970 -orc,
1025 1889 1083 1954 sed
1106 1892 1213 1955 omnia

96 2008 225 2070 graecae
263 1994 295 2053 et
331 1988 453 2052 latinae
481 1987 610 2069 linguae
638 1989 738 2053 verba
772 1995 934 2054 contracta
962 1988 1052 2052 initio
1082 2007 1145 2052 non
1178 1988 1212 2054 in

97 2086 215 2176 7op'dmi,
258 2083 314 2151 sod
350 2086 385 2148 in
421 2087 540 2147 -uoami
574 2085 691 2151 exiisse
729 2085 947 2151 demonstrare
985 2093 1117 2152 conatus
1155 2091 1212 2151 est.

96 2183 230 2247 Primum
254 2201 331 2274 uero
352 2183 423 2265 ipse
445 2183 569 2246 nullum
592 2181 720 2247 omnino
750 2191 972 2265 argumentum
998 2191 1108 2249 contra
1131 2183 1213 2266 Bcp-

96 2281 176 2363 pium
199 2280 294 2346 affert
324 2279 387 2345 nisi
416 2278 501 2362 qnod
530 2281 635 2345 causis
663 2299 734 2346 esse
762 2281 874 2345 fultam
904 2282 991 2347 illius
1019 2281 1211 2347 sententiam

96 2385 188 2462 negat
216 2399 250 2462 p.
274 2381 345 2442 200.
390 2378 501 2442 Artem
531 2377 628 2458 igitur
655 2369 698 2442 et
714 2379 974 2443 conformationis
996 2387 1028 2444 et
1057 2377 1213 2460 significa·

97 2477 187 2542 tionis
209 2475 434 2542 necessitatem
457 2494 528 2539 cum
550 2475 657 2540 verbis
682 2477 716 2538 in
745 2499 826 2540 -αιω
850 2484 882 2540 et
910 2475 1012 2555 -αζω,
1047 2496 1110 2557 qua
1141 2495 1234 2539 mea.

89 2575 219 2656 ‘quidem
252 2573 413 2638 sententia
435 2572 574 2636 maxime
603 2574 754 2654 probatur
780 2573 839 2637 illa
861 2573 1047 2656 explicatio,
1087 2573 1213 2637 Savels-

96 2672 219 2756 hergius
243 2671 337 2735 nihili
358 2669 449 2750 iaoit;
474 2669 541 2749 sed,
564 2670 672 2735 verhis
694 2671 728 2734 in
751 2669 836 2749 -αζω
860 2670 1032 2752 neglectis,
1048 2693 1084 2733 αι
1103 2671 1214 2735 verbo-

96 2791 160 2834 rum
187 2771 221 2834 in
250 2791 332 2832 -αιω
362 2766 658 2842 (deriserunt.
689 2767 824 2849 „Stnd.“
848 2768 912 2850 111,
944 2771 1002 2833 188
1025 2772 1106 2850 sqq.)
1143 2787 1214 2833 csse

97 2867 302 2950 productione
317 2865 434 2930 iactum
451 2883 490 2930 ex
507 2889 528 2928 α
543 2864 723 2930 contendit:
747 2885 843 2948 saepe
859 2866 945 2930 enim
961 2865 1038 2948 fieri,
1065 2873 1100 2930 ut
1115 2890 1136 2928 α
1153 2890 1168 2930 ε
1185 2890 1213 2946 o,

97 2965 250 3048 imprimis
270 2965 362 3029 metri
389 2964 508 3046 gratia,
540 2963 574 3027 in
597 2987 632 3026 αι
656 2987 685 3028 ει
711 2987 742 3027 οι
772 2957 997 3046 producantur.
1042 2965 1091 3027 De
1120 2965 1214 3027 metri

97 3061 223 3128 licentia
260 3061 393 3144 cogitari
429 3081 494 3125 non
530 3081 625 3144 posse
662 3080 700 3126 eo
733 3063 908 3128 clarissime
941 3068 1091 3144 apparet,
1130 3061 1214 3143 quod

98 3155 294 3243 modularis.
317 3179 346 3240 g.
371 3159 599 3234 παλαίσαντες
622 3159 706 3224 Xen.
728 3157 801 3225 Oet.
829 3165 876 3237 17,
901 3163 930 3239 2,
953 3157 991 3222 cf.
1008 3159 1085 3222 Lob.
1102 3159 1214 3224 Rhem.

100 3260 167 3334 194)
202 3263 234 3323 et
266 3254 458 3337 πάλαισμα,
495 3257 702 3341 παλαίστρα,
739 3257 955 3336 ταλαίπωρος
987 3256 1167 3338 similiaque
1196 3278 1215 3320 a

97 3355 200 3421 verbis
236 3353 271 3417 in
304 3377 386 3417 -αιω
420 3353 565 3420 derivata
602 3359 642 3432 (v.
673 3353 758 3419 Ourt.
787 3355 809 3418 Ι.
836 3374 861 3418 o.
889 3357 961 3430 191)
999 3354 1094 3418 etiam
1128 3353 1215 3437 apud

98 3443 267 3536 scriptores
295 3469 411 3534 prosae
440 3451 592 3516 orationis
614 3452 835 3534 inveniuntur,
870 3451 1086 3534 diphthongos
1109 3458 1214 3517 autem

99 3549 164 3613 sola
192 3547 402 3632 productione
429 3549 619 3614 ebrevibus
648 3550 821 3614 vocalibus
842 3567 914 3614 esse
941 3548 1057 3627 iaotas,
1095 3544 1215 3614 nemini

99 3643 151 3710 ille
171 3645 389 3730 persuadebit.

179 3743 253 3810 dam
276 3763 367 3824 vero,
397 3751 431 3808 ut
453 3743 679 3823 concedamus,
714 3744 818 3826 Bcppi
841 3743 1034 3827 hypothesin
1057 3765 1122 3808 non
1145 3763 1216 3810 esse

100 3841 172 3906 satis
200 3840 384 3924 probatam,
420 3849 486 3906 tum
516 3842 644 3907 demum
667 3861 705 3906 ea
727 3841 820 3906 nobis
842 3843 941 3906 missa
965 3841 1114 3908 facienda
1136 3850 1214 3924 erat,

99 3937 124 3999 si
151 3937 248 4002 aliam
273 3937 519 4022 Savelsbergius
548 3939 746 4022 protulisset,
784 3958 866 4020 quae
894 3940 1010 4006 melius
1037 3940 1215 4006 rationibus

100 4031 176 4099 tulta
207 4042 299 4102 esset.
344 4035 437 4115 Quod
469 4055 541 4102 mea
570 4035 697 4118 quidem
726 4036 875 4119 opinione
905 4039 934 4100 ei
971 4058 1036 4102 non
1073 4038 1215 4120 contigit.
