2958 4868
359 435 401 492 De
418 433 550 492 vocalium
567 448 726 505 meatuum
743 436 915 508 hyphaeresi.
1140 434 1199 498 103

87 607 292 692 hyphaeresin
313 609 490 694 reperimus
512 609 545 676 in
567 610 698 677 nomine
719 609 848 694 proprio
871 606 1024 696 Βόηθος,
1046 609 1101 693 qui
1123 611 1201 695 legi·

87 711 130 770 tur
156 704 242 789 apud
269 705 481 773 Andocidem.
539 709 646 774 Etiam
675 709 807 775 verbum
838 711 983 794 βοηθεῖν
1012 727 1033 772 a
1064 706 1200 795 βοηθός

87 803 268 885 derivatum,
298 824 360 887 qno
382 805 564 872 Herodotus
586 813 618 873 et
639 807 727 872 attioi
753 807 923 890 scriptores
945 810 1090 884 utuntur,
1120 806 1200 874 satis

86 899 288 982 demonstrat,
319 921 414 986 quam
437 909 561 971 mature
583 925 601 967 ο
625 905 732 972 littera
753 903 907 988 primitivi
929 903 1016 969 illius
1043 900 1199 990 βοηθάος

85 998 113 1064 in
133 998 325 1065 oblivionem
348 1001 485 1066 venerit.

160 1097 299 1172 Nomina
320 1098 451 1182 propria
467 1099 501 1163 in
515 1104 622 1177 ·θοος
643 1100 678 1164 in
700 1097 870 1165 homericis
892 1098 1086 1166 carminibus
1108 1118 1200 1185 prae·

83 1195 152 1261 bent
166 1215 292 1278 semper
305 1195 424 1262 formas
446 1217 512 1263 non
535 1203 725 1279 eontraetas,
742 1203 778 1262 ut
789 1192 992 1276 Ἀλκάθοος,
1011 1193 1199 1284 Ἀρηΐθοος

85 1299 137 1358 oet.
173 1299 307 1376 excepto
343 1313 407 1359 uno
435 1293 616 1374 Πάνθους,
654 1296 745 1380 eujus
772 1294 941 1377 genetivus
976 1302 1025 1361 est
1052 1293 1198 1362 Πάνθου

84 1386 123 1474 (O
146 1393 215 1472 522,
239 1395 270 1454 P
287 1393 317 1469 9,
341 1395 391 1473 23,
415 1389 487 1477 59),
512 1393 640 1460 dativus
662 1390 795 1477 Πάνθῳ
819 1397 849 1457 Ρ
867 1396 918 1473 40,
950 1391 1008 1459 sed
1031 1389 1198 1458 Πάνθοον

83 1491 195 1553 Γ146.
241 1486 361 1554 Contra
390 1488 535 1555 rodinum
560 1490 781 1556 austeritatem
810 1489 902 1554 Imm.
929 1488 1062 1556 Bekker
1089 1489 1201 1556 scribit

82 1583 250 1664 Πανθόου,
276 1584 447 1673 Πανθόῳ,
470 1587 529 1654 sed
551 1587 679 1670 dubito,
702 1608 779 1652 num
798 1587 873 1670 jure
893 1588 928 1653 id
950 1588 1070 1655 feeerit.
1115 1588 1200 1654 Nem

82 1702 144 1748 oum
165 1683 332 1768 permultis
354 1684 463 1752 formis
484 1691 602 1768 poetae
623 1685 706 1769 epioi
729 1691 761 1752 et
785 1686 957 1752 eontraetis
980 1691 1012 1753 et
1040 1706 1104 1752 non
1126 1705 1200 1752 oon·

81 1782 180 1848 nattis
199 1781 250 1848 usi
273 1781 346 1864 sint,
369 1781 455 1849 idem
470 1783 588 1848 iaetunr
603 1802 674 1849 esse
689 1783 722 1848 in
745 1784 806 1849 hoo
821 1803 947 1866 quoque
960 1784 1091 1850 nomine
1104 1781 1200 1850 Πάν-

81 1882 160 1954 θοος
181 1878 378 1946 eensendum
401 1886 464 1962 est;
488 1881 619 1948 minime
640 1887 748 1947 autem
768 1880 808 1947 de
826 1881 1021 1965 hyphaerosi
1043 1881 1200 1948 orooalis

82 1975 204 2060 eogitari
218 1982 336 2062 potest.
367 1977 406 2042 In
420 1978 520 2044 attioa
534 1977 672 2044 dialecto
693 1979 789 2044 modo
807 1998 873 2044 non
890 1984 1080 2060 contractas,
1102 1978 1199 2045 modo

81 2080 253 2142 eontraotns
274 2073 393 2140 formas
408 2076 540 2159 reperis,
562 2075 723 2142 interdurn
738 2076 839 2143 etiarn
854 2076 1086 2142 nominativum
1102 2083 1135 2143 et
1149 2097 1200 2144 ae·

80 2174 250 2239 eusativum
270 2172 305 2236 in
326 2177 411 2249 -θος
427 2179 459 2239 et
473 2178 558 2238 -θον
574 2180 754 2255 exeuntem,
777 2180 812 2238 ut
823 2172 994 2252 Ἄλκυθος,
1016 2179 1198 2261 Πείριθος,

81 2289 204 2352 quorum
227 2293 246 2334 ο
270 2268 384 2336 eodem
406 2269 502 2337 modo
526 2271 671 2354 evanuit,
695 2292 758 2354 quo
779 2273 813 2336 in
835 2270 979 2359 βοηθός,
1002 2271 1155 2360 Βόηθος.

156 2436 192 2501 Β.
231 2435 282 2500 De
305 2435 489 2520 compositis
510 2436 545 2504 in
567 2460 662 2514 -νοος
685 2442 718 2502 et
740 2460 826 2512 ·νος.

156 2547 330 2632 Adjeotivn
352 2556 385 2616 et
406 2570 478 2616 oum
500 2556 578 2627 νοῦς
602 2557 633 2616 et
655 2570 727 2616 oum
748 2550 871 2628 πλοῦς,
894 2557 1000 2628 πνοῦς
1022 2554 1199 2636 composita

80 2647 281 2728 pronuntiata
308 2665 396 2725 esse,
426 2649 518 2730 quasi
547 2672 564 2712 ο
588 2653 735 2726 anteon,
769 2673 805 2734 ῳ,
834 2671 890 2728 ων,
920 2672 972 2726 υις
1003 2655 1064 2716 oet.
1094 2650 1199 2733 ejeota

80 2751 166 2827 esset,
189 2744 327 2810 thner
348 2746 415 2822 (Gr.
431 2746 486 2812 Gr.
508 2766 540 2830 p.
557 2748 631 2822 317)
653 2745 826 2825 contendit,
848 2757 959 2812 rernm
980 2745 1110 2830 injuria.
1148 2749 1199 2814 Ex

80 2842 218 2922 generali
240 2842 327 2908 enirn
356 2851 506 2922 veentus
536 2844 624 2927 lege,
659 2863 742 2925 quae
763 2845 852 2910 valet
873 2844 906 2908 in
928 2844 1128 2928 compositis,
1157 2864 1199 2912 ex

81 2933 205 3022 εὔνοος,
229 2940 434 3023 περίπλοος,
458 2938 624 3016 ἐπίπνους
648 2935 779 3020 εὔνους,
802 2941 1007 3025 περίπλους,
1031 2939 1198 3020 ἐπίπνους

79 3038 158 3106 iaota
171 3047 256 3107 sunt.
294 3037 386 3104 Idem
406 3044 558 3104 aoeentus
580 3045 630 3104 est
650 3039 914 3106 aecusativorum.
951 3039 1070 3105 Mansit
1091 3046 1198 3106 autern
1285 3047 1292 3056 ’

80 3138 169 3202 etiarn
197 3139 232 3204 in
261 3135 394 3217 reliquis
424 3136 550 3202 ensibus
579 3155 619 3202 ex
647 3137 774 3202 illorum
802 3136 954 3220 analogia
986 3145 1136 3204 aooentus
1164 3138 1198 3204 in

80 3233 186 3300 eadem
200 3235 340 3320 syllaba.
372 3234 486 3316 Itaque
508 3235 753 3316 pronuntiantur
769 3232 875 3314 εῦνου,
900 3229 984 3320 εὔνῳ
1001 3240 1071 3317 oet,
1088 3255 1198 3318 qnam·

81 3349 168 3412 quarn
191 3357 209 3397 υ
233 3339 329 3398 aonta
358 3351 429 3398 oum
452 3355 490 3396 ου
514 3337 545 3398 et
568 3356 594 3416 ῳ
616 3339 782 3398 eontracta
803 3339 860 3398 est.
904 3332 953 3397 Ne
975 3338 1109 3398 aooentu
1131 3333 1198 3415 qui·

80 3427 147 3494 dem
173 3419 339 3508 institor,
375 3427 518 3494 ’ἐπίπλου
550 3429 654 3512 posito
682 3430 919 3496 demonstratur
946 3430 1067 3495 vocalis
1095 3431 1197 3513 elisio,

80 3546 148 3592 narn
171 3551 206 3592 οι
229 3527 448 3612 diphthongus
470 3533 518 3594 est
540 3545 667 3610 semper
693 3526 858 3612 produnt,
881 3527 950 3592 sive
971 3534 1135 3594 eontraota
1157 3547 1198 3594 ex

81 3645 129 3688 οοι
150 3631 185 3690 ut
206 3625 241 3690 in
264 3614 366 3706 εὖνοι,
393 3624 462 3691 sive
484 3647 549 3691 non
571 3631 735 3726 eontracta
756 3631 791 3690 ut
812 3625 845 3690 in
861 3619 1054 3708 ἄνθρωποι.

158 3734 289 3800 Addere
319 3734 376 3800 vix
404 3753 484 3816 opus
519 3741 568 3801 est
596 3753 638 3801 ex
667 3735 780 3820 eadem
809 3735 882 3817 lege
909 3734 1006 3800 etiam
1033 3733 1197 3800 nominum

80 3831 274 3914 propriorum
303 3853 374 3898 oum
403 3837 481 3909 νοῦς
508 3832 754 3916 compositorum
782 3833 904 3916 priores
936 3837 1043 3915 partes
1071 3851 1197 3915 semper

82 3933 210 3994 autentu
232 3929 326 4014 erigi3
350 3949 519 4012 quaerre
537 3930 688 4014 sequitur,
710 3949 752 3994 ne
775 3930 816 3994 ab
839 3929 889 3994 his
912 3929 1039 4012 quidem
1062 3929 1197 3994 nomini·

81 4021 136 4090 bus
157 4027 407 4093 eontraotionem
430 4046 501 4094 esse
523 4028 674 4096 alienam.
719 4025 804 4092 Solis
825 4025 859 4092 in
881 4025 1087 4094 nominativis
1110 4024 1196 4091 etin
