<?xml version="1.0" encoding="UTF-8"?>
<!DOCTYPE html PUBLIC "-//W3C//DTD XHTML 1.0 Transitional//EN"
    "http://www.w3.org/TR/xhtml1/DTD/xhtml1-transitional.dtd">
<html xmlns="http://www.w3.org/1999/xhtml" xml:lang="en" lang="en">
 <head>
  <title>
</title>
<meta http-equiv="Content-Type" content="text/html;charset=utf-8" />
  <meta name='ocr-system' content='tesseract 3.04.00' />
  <meta name='ocr-capabilities' content='ocr_page ocr_carea ocr_par ocr_line ocrx_word'/>
</head>
<body>
  <div class='ocr_page' id='page_1' title='image "./studienzurgriec02vanigoog_0115.png"; bbox 0 0 2958 4868; ppageno 0'>
   <div class='ocr_carea' id='block_1_1' title="bbox 353 397 1196 526">
    <p class='ocr_par' dir='ltr' id='par_1_1' title="bbox 353 397 1196 526">
     <span class='ocr_line' id='line_1_1' title="bbox 353 397 1196 526; baseline 0.007 -16"><span class='ocrx_word' id='word_1_1' title='bbox 353 455 395 511; x_wconf 92' lang='lat' dir='ltr'><strong>De</strong></span> <span class='ocrx_word' id='word_1_2' title='bbox 413 453 546 510; x_wconf 76' lang='lat' dir='ltr'><strong>vocalium</strong></span> <span class='ocrx_word' id='word_1_3' title='bbox 566 469 723 524; x_wconf 77' lang='lat' dir='ltr'><strong>graecarum</strong></span> <span class='ocrx_word' id='word_1_4' title='bbox 740 397 910 526; x_wconf 43' lang='lat' dir='ltr'><strong>haphaereei.</strong></span> <span class='ocrx_word' id='word_1_5' title='bbox 1138 455 1196 516; x_wconf 75' lang='lat'><strong>105</strong></span> 
     </span>
    </p>
   </div>
   <div class='ocr_carea' id='block_1_2' title="bbox 78 579 1198 711">
    <p class='ocr_par' dir='ltr' id='par_1_2' title="bbox 78 579 1198 711">
     <span class='ocr_line' id='line_1_2' title="bbox 78 579 1198 711; baseline 0.003 -16"><span class='ocrx_word' id='word_1_6' title='bbox 78 625 123 695; x_wconf 83' lang='lat' dir='ltr'><strong>tol.</strong></span> <span class='ocrx_word' id='word_1_7' title='bbox 147 625 225 692; x_wconf 92' lang='lat' dir='ltr'><strong>Lob.</strong></span> <span class='ocrx_word' id='word_1_8' title='bbox 249 627 270 692; x_wconf 89' lang='lat' dir='ltr'><strong>l.</strong></span> <span class='ocrx_word' id='word_1_9' title='bbox 294 631 343 704; x_wconf 79' lang='lat' dir='ltr'><strong>a),</strong></span> <span class='ocrx_word' id='word_1_10' title='bbox 366 627 424 694; x_wconf 87' lang='lat' dir='ltr'><strong>sed</strong></span> <span class='ocrx_word' id='word_1_11' title='bbox 442 627 512 710; x_wconf 78' lang='lat' dir='ltr'><strong>Jam</strong></span> <span class='ocrx_word' id='word_1_12' title='bbox 535 627 668 693; x_wconf 86' lang='lat' dir='ltr'><strong>Lobeok</strong></span> <span class='ocrx_word' id='word_1_13' title='bbox 689 629 776 694; x_wconf 87' lang='lat' dir='ltr'><strong>re&#39;ete</strong></span> <span class='ocrx_word' id='word_1_14' title='bbox 798 579 959 711; x_wconf 85' lang='lat' dir='ltr'><strong>exposuit,</strong></span> <span class='ocrx_word' id='word_1_15' title='bbox 983 626 1017 693; x_wconf 94' lang='lat' dir='ltr'><strong>id</strong></span> <span class='ocrx_word' id='word_1_16' title='bbox 1039 649 1105 696; x_wconf 91' lang='lat' dir='ltr'><strong>non</strong></span> <span class='ocrx_word' id='word_1_17' title='bbox 1126 649 1198 698; x_wconf 89' lang='lat' dir='ltr'><strong>esse</strong></span> 
     </span>
    </p>
   </div>
   <div class='ocr_carea' id='block_1_3' title="bbox 75 723 1197 2568">
    <p class='ocr_par' dir='ltr' id='par_1_3' title="bbox 75 723 1197 2568">
     <span class='ocr_line' id='line_1_3' title="bbox 77 723 1197 808; baseline 0.004 -18"><span class='ocrx_word' id='word_1_18' title='bbox 77 729 294 807; x_wconf 70' lang='lat' dir='ltr'><strong>argumentum</strong></span> <span class='ocrx_word' id='word_1_19' title='bbox 323 723 409 791; x_wconf 89' lang='lat' dir='ltr'><strong>idem</strong></span> <span class='ocrx_word' id='word_1_20' title='bbox 437 745 554 792; x_wconf 91' lang='lat' dir='ltr'><strong>nomen</strong></span> <span class='ocrx_word' id='word_1_21' title='bbox 582 725 697 808; x_wconf 87' lang='lat' dir='ltr'><strong>iuisse;</strong></span> <span class='ocrx_word' id='word_1_22' title='bbox 730 745 805 790; x_wconf 89' lang='lat' dir='ltr'><strong>nam</strong></span> <span class='ocrx_word' id='word_1_23' title='bbox 828 725 961 792; x_wconf 78' lang='lat' dir='ltr'><strong>Graeeis</strong></span> <span class='ocrx_word' id='word_1_24' title='bbox 988 727 1072 792; x_wconf 88' lang='lat' dir='ltr'><strong>hane</strong></span> <span class='ocrx_word' id='word_1_25' title='bbox 1100 728 1197 795; x_wconf 88' lang='lat' dir='ltr'><strong>lieen-</strong></span> 
     </span>
     <span class='ocr_line' id='line_1_4' title="bbox 77 822 1197 908; baseline 0.005 -22"><span class='ocrx_word' id='word_1_26' title='bbox 77 822 148 886; x_wconf 90' lang='lat' dir='ltr'><strong>tiam</strong></span> <span class='ocrx_word' id='word_1_27' title='bbox 170 822 435 889; x_wconf 87' lang='lat' dir='ltr'><strong>eonsuetudinem</strong></span> <span class='ocrx_word' id='word_1_28' title='bbox 458 823 601 900; x_wconf 80' lang='lat' dir='ltr'>dedisse,</span> <span class='ocrx_word' id='word_1_29' title='bbox 625 830 660 888; x_wconf 92' lang='lat' dir='ltr'><strong>ut</strong></span> <span class='ocrx_word' id='word_1_30' title='bbox 680 823 843 892; x_wconf 87' lang='lat' dir='ltr'><strong>nominum</strong></span> <span class='ocrx_word' id='word_1_31' title='bbox 865 823 1064 908; x_wconf 84' lang='lat' dir='ltr'><strong>propriorum</strong></span> <span class='ocrx_word' id='word_1_32' title='bbox 1086 826 1197 892; x_wconf 87' lang='lat' dir='ltr'><strong>termi-</strong></span> 
     </span>
     <span class='ocr_line' id='line_1_5' title="bbox 76 919 1197 1004; baseline 0.005 -20"><span class='ocrx_word' id='word_1_33' title='bbox 76 920 218 986; x_wconf 73' lang='lat' dir='ltr'><strong>nationes</strong></span> <span class='ocrx_word' id='word_1_34' title='bbox 256 939 373 1004; x_wconf 90' lang='lat' dir='ltr'><strong>susque</strong></span> <span class='ocrx_word' id='word_1_35' title='bbox 410 919 515 1003; x_wconf 90' lang='lat' dir='ltr'><strong>deque</strong></span> <span class='ocrx_word' id='word_1_36' title='bbox 552 921 724 1002; x_wconf 84' lang='lat' dir='ltr'><strong>habereut,</strong></span> <span class='ocrx_word' id='word_1_37' title='bbox 767 920 916 1004; x_wconf 80' lang='lat' dir='ltr'><strong>idemque</strong></span> <span class='ocrx_word' id='word_1_38' title='bbox 951 923 1061 988; x_wconf 87' lang='lat' dir='ltr'><strong>attulit</strong></span> <span class='ocrx_word' id='word_1_39' title='bbox 1095 924 1197 990; x_wconf 85' lang='lat' dir='ltr'><strong>multa</strong></span> 
     </span>
     <span class='ocr_line' id='line_1_6' title="bbox 77 1017 1196 1104; baseline 0.007 -22"><span class='ocrx_word' id='word_1_40' title='bbox 77 1017 237 1102; x_wconf 84' lang='lat' dir='ltr'><strong>exempla,</strong></span> <span class='ocrx_word' id='word_1_41' title='bbox 267 1017 383 1100; x_wconf 86' lang='lat' dir='ltr'><strong>quibus</strong></span> <span class='ocrx_word' id='word_1_42' title='bbox 411 1017 647 1084; x_wconf 87' lang='lat' dir='ltr'><strong>demonstratur</strong></span> <span class='ocrx_word' id='word_1_43' title='bbox 674 1017 760 1085; x_wconf 90' lang='lat' dir='ltr'><strong>idem</strong></span> <span class='ocrx_word' id='word_1_44' title='bbox 790 1037 907 1085; x_wconf 92' lang='lat' dir='ltr'><strong>nomen</strong></span> <span class='ocrx_word' id='word_1_45' title='bbox 930 1039 1029 1104; x_wconf 79' lang='lat' dir='ltr'><strong>saepe</strong></span> <span class='ocrx_word' id='word_1_46' title='bbox 1052 1020 1196 1090; x_wconf 84' lang='lat' dir='ltr'><strong>diversas</strong></span> 
     </span>
     <span class='ocr_line' id='line_1_7' title="bbox 76 1115 1196 1199; baseline 0.005 -20"><span class='ocrx_word' id='word_1_47' title='bbox 76 1115 313 1181; x_wconf 80' lang='lat' dir='ltr'><strong>terminationes</strong></span> <span class='ocrx_word' id='word_1_48' title='bbox 348 1115 508 1182; x_wconf 88' lang='lat' dir='ltr'><strong>habuisse.</strong></span> <span class='ocrx_word' id='word_1_49' title='bbox 565 1116 635 1182; x_wconf 84' lang='lat' dir='ltr'><strong>line</strong></span> <span class='ocrx_word' id='word_1_50' title='bbox 662 1115 803 1199; x_wconf 87' lang='lat' dir='ltr'><strong>aoeedit,</strong></span> <span class='ocrx_word' id='word_1_51' title='bbox 840 1116 981 1199; x_wconf 90' lang='lat' dir='ltr'><strong>quodsi</strong></span> <span class='ocrx_word' id='word_1_52' title='bbox 1009 1118 1196 1198; x_wconf 76' lang='grc' dir='ltr'><strong><em>Καλλίνοος</em></strong></span> 
     </span>
     <span class='ocr_line' id='line_1_8' title="bbox 76 1211 1196 1299; baseline 0.008 -24"><span class='ocrx_word' id='word_1_53' title='bbox 76 1211 155 1277; x_wconf 89' lang='lat' dir='ltr'><strong>idem</strong></span> <span class='ocrx_word' id='word_1_54' title='bbox 177 1232 296 1278; x_wconf 90' lang='lat' dir='ltr'><strong>nomen</strong></span> <span class='ocrx_word' id='word_1_55' title='bbox 319 1221 404 1280; x_wconf 88' lang='lat' dir='ltr'><strong>esset</strong></span> <span class='ocrx_word' id='word_1_56' title='bbox 426 1213 511 1296; x_wconf 86' lang='lat' dir='ltr'><strong>quod</strong></span> <span class='ocrx_word' id='word_1_57' title='bbox 533 1214 709 1292; x_wconf 76' lang='grc' dir='ltr'><strong><em>Καλλῖνος,</em></strong></span> <span class='ocrx_word' id='word_1_58' title='bbox 734 1237 746 1278; x_wconf 94' lang='grc' dir='ltr'>ι</span> <span class='ocrx_word' id='word_1_59' title='bbox 767 1214 867 1297; x_wconf 82' lang='lat' dir='ltr'><strong>longa</strong></span> <span class='ocrx_word' id='word_1_60' title='bbox 888 1233 960 1281; x_wconf 90' lang='lat' dir='ltr'><strong>esse</strong></span> <span class='ocrx_word' id='word_1_61' title='bbox 981 1213 1087 1297; x_wconf 88' lang='lat' dir='ltr'><strong>debet,</strong></span> <span class='ocrx_word' id='word_1_62' title='bbox 1110 1215 1196 1299; x_wconf 90' lang='lat' dir='ltr'><strong>qnod</strong></span> 
     </span>
     <span class='ocr_line' id='line_1_9' title="bbox 76 1309 1195 1396; baseline 0.006 -22"><span class='ocrx_word' id='word_1_63' title='bbox 76 1309 158 1375; x_wconf 93' lang='lat' dir='ltr'><strong>nullo</strong></span> <span class='ocrx_word' id='word_1_64' title='bbox 187 1310 286 1376; x_wconf 90' lang='lat' dir='ltr'><strong>modo</strong></span> <span class='ocrx_word' id='word_1_65' title='bbox 314 1310 381 1378; x_wconf 87' lang='lat' dir='ltr'><strong>fieri</strong></span> <span class='ocrx_word' id='word_1_66' title='bbox 410 1317 525 1396; x_wconf 86' lang='lat' dir='ltr'><strong>potest.</strong></span> <span class='ocrx_word' id='word_1_67' title='bbox 580 1312 663 1378; x_wconf 86' lang='lat' dir='ltr'><strong>Nam</strong></span> <span class='ocrx_word' id='word_1_68' title='bbox 693 1310 894 1388; x_wconf 82' lang='grc' dir='ltr'><strong><em>Καλλί-νοος</em></strong></span> <span class='ocrx_word' id='word_1_69' title='bbox 929 1331 1047 1378; x_wconf 89' lang='lat' dir='ltr'><strong>nomen</strong></span> <span class='ocrx_word' id='word_1_70' title='bbox 1082 1313 1195 1380; x_wconf 91' lang='lat' dir='ltr'><strong>eodem</strong></span> 
     </span>
     <span class='ocr_line' id='line_1_10' title="bbox 76 1407 1196 1497; baseline 0.007 -27"><span class='ocrx_word' id='word_1_71' title='bbox 76 1407 164 1473; x_wconf 90' lang='lat' dir='ltr'><strong>modo</strong></span> <span class='ocrx_word' id='word_1_72' title='bbox 186 1407 358 1474; x_wconf 76' lang='lat' dir='ltr'><strong>formatum</strong></span> <span class='ocrx_word' id='word_1_73' title='bbox 381 1416 430 1476; x_wconf 82' lang='lat' dir='ltr'><strong>eet</strong></span> <span class='ocrx_word' id='word_1_74' title='bbox 450 1429 489 1476; x_wconf 83' lang='lat' dir='ltr'><strong>ao</strong></span> <span class='ocrx_word' id='word_1_75' title='bbox 511 1407 757 1491; x_wconf 81' lang='grc' dir='ltr'><strong><em>Καλλί-μαχος,</em></strong></span> <span class='ocrx_word' id='word_1_76' title='bbox 786 1409 1035 1497; x_wconf 81' lang='grc' dir='ltr'><strong><em>Καλλι-κράτης</em></strong></span> <span class='ocrx_word' id='word_1_77' title='bbox 1057 1417 1127 1489; x_wconf 68' lang='lat' dir='ltr'><strong>oet„</strong></span> <span class='ocrx_word' id='word_1_78' title='bbox 1161 1412 1196 1478; x_wconf 83' lang='lat' dir='ltr'><strong>in</strong></span> 
     </span>
     <span class='ocr_line' id='line_1_11' title="bbox 77 1503 1195 1592; baseline 0.004 -23"><span class='ocrx_word' id='word_1_79' title='bbox 77 1503 120 1570; x_wconf 88' lang='lat' dir='ltr'><strong>his</strong></span> <span class='ocrx_word' id='word_1_80' title='bbox 143 1529 153 1570; x_wconf 86' lang='grc' dir='ltr'><strong><em>ν</em></strong></span> <span class='ocrx_word' id='word_1_81' title='bbox 176 1505 302 1572; x_wconf 86' lang='lat' dir='ltr'><strong>vooalis</strong></span> <span class='ocrx_word' id='word_1_82' title='bbox 324 1525 395 1572; x_wconf 90' lang='lat' dir='ltr'><strong>oum</strong></span> <span class='ocrx_word' id='word_1_83' title='bbox 417 1507 525 1573; x_wconf 90' lang='lat' dir='ltr'><strong>brevis</strong></span> <span class='ocrx_word' id='word_1_84' title='bbox 540 1507 590 1588; x_wconf 93' lang='lat' dir='ltr'><strong>sit,</strong></span> <span class='ocrx_word' id='word_1_85' title='bbox 614 1525 656 1572; x_wconf 89' lang='lat' dir='ltr'><strong>ue</strong></span> <span class='ocrx_word' id='word_1_86' title='bbox 677 1507 711 1570; x_wconf 90' lang='lat' dir='ltr'><strong>in</strong></span> <span class='ocrx_word' id='word_1_87' title='bbox 728 1506 785 1571; x_wconf 90' lang='lat' dir='ltr'><strong>illo</strong></span> <span class='ocrx_word' id='word_1_88' title='bbox 801 1507 929 1590; x_wconf 90' lang='lat' dir='ltr'><strong>quidem</strong></span> <span class='ocrx_word' id='word_1_89' title='bbox 952 1508 1109 1592; x_wconf 87' lang='lat' dir='ltr'><strong>produota</strong></span> <span class='ocrx_word' id='word_1_90' title='bbox 1124 1527 1195 1575; x_wconf 89' lang='lat' dir='ltr'><strong>esse</strong></span> 
     </span>
     <span class='ocr_line' id='line_1_12' title="bbox 75 1603 1194 1689; baseline 0.006 -24"><span class='ocrx_word' id='word_1_91' title='bbox 75 1609 184 1684; x_wconf 86' lang='lat' dir='ltr'><strong>potest.</strong></span> <span class='ocrx_word' id='word_1_92' title='bbox 230 1603 353 1682; x_wconf 81' lang='lat' dir='ltr'><strong>Quibus</strong></span> <span class='ocrx_word' id='word_1_93' title='bbox 381 1606 528 1672; x_wconf 92' lang='lat' dir='ltr'><strong>omnibus</strong></span> <span class='ocrx_word' id='word_1_94' title='bbox 557 1603 598 1670; x_wconf 90' lang='lat' dir='ltr'><strong>de</strong></span> <span class='ocrx_word' id='word_1_95' title='bbox 632 1604 738 1670; x_wconf 86' lang='lat' dir='ltr'><strong>oensis</strong></span> <span class='ocrx_word' id='word_1_96' title='bbox 765 1625 895 1688; x_wconf 85' lang='lat' dir='ltr'><strong>prorsus</strong></span> <span class='ocrx_word' id='word_1_97' title='bbox 924 1605 1110 1689; x_wconf 79' lang='lat' dir='ltr'><strong>negandum</strong></span> <span class='ocrx_word' id='word_1_98' title='bbox 1136 1613 1194 1686; x_wconf 89' lang='lat' dir='ltr'><strong>eat,</strong></span> 
     </span>
     <span class='ocr_line' id='line_1_13' title="bbox 76 1699 1196 1787; baseline 0.007 -25"><span class='ocrx_word' id='word_1_99' title='bbox 76 1699 236 1778; x_wconf 77' lang='grc' dir='ltr'><strong><em>Καλλῖνος</em></strong></span> <span class='ocrx_word' id='word_1_100' title='bbox 259 1719 300 1768; x_wconf 84' lang='lat' dir='ltr'><strong>ex</strong></span> <span class='ocrx_word' id='word_1_101' title='bbox 323 1703 508 1780; x_wconf 84' lang='grc' dir='ltr'><strong><em>Καλλίνοος</em></strong></span> <span class='ocrx_word' id='word_1_102' title='bbox 531 1701 701 1768; x_wconf 79' lang='lat' dir='ltr'><strong>deductum</strong></span> <span class='ocrx_word' id='word_1_103' title='bbox 724 1721 811 1787; x_wconf 78' lang='lat' dir='ltr'><strong>esse3</strong></span> <span class='ocrx_word' id='word_1_104' title='bbox 834 1703 942 1787; x_wconf 89' lang='lat' dir='ltr'><strong>potius</strong></span> <span class='ocrx_word' id='word_1_105' title='bbox 959 1703 1125 1781; x_wconf 83' lang='grc' dir='ltr'><strong><em>Καλλῖνος</em></strong></span> <span class='ocrx_word' id='word_1_106' title='bbox 1147 1709 1196 1770; x_wconf 89' lang='lat' dir='ltr'><strong>est</strong></span> 
     </span>
     <span class='ocr_line' id='line_1_14' title="bbox 76 1797 1195 1884; baseline 0.005 -23"><span class='ocrx_word' id='word_1_107' title='bbox 76 1797 207 1882; x_wconf 86' lang='lat' dir='ltr'><strong>simplex</strong></span> <span class='ocrx_word' id='word_1_108' title='bbox 230 1818 365 1881; x_wconf 90' lang='lat' dir='ltr'><strong>nomen,</strong></span> <span class='ocrx_word' id='word_1_109' title='bbox 389 1801 592 1877; x_wconf 82' lang='grc' dir='ltr'><strong><em>Καλλί-νοος</em></strong></span> <span class='ocrx_word' id='word_1_110' title='bbox 615 1800 835 1884; x_wconf 87' lang='lat' dir='ltr'><strong>oompoaitum.</strong></span> <span class='ocrx_word' id='word_1_111' title='bbox 876 1800 965 1866; x_wconf 86' lang='lat' dir='ltr'><strong>Idem</strong></span> <span class='ocrx_word' id='word_1_112' title='bbox 989 1801 1195 1867; x_wconf 87' lang='lat' dir='ltr'><strong>statuendum</strong></span> 
     </span>
     <span class='ocr_line' id='line_1_15' title="bbox 76 1896 1195 1984; baseline 0.004 -22"><span class='ocrx_word' id='word_1_113' title='bbox 76 1903 118 1962; x_wconf 79' lang='lat' dir='ltr'><strong>est</strong></span> <span class='ocrx_word' id='word_1_114' title='bbox 138 1896 179 1963; x_wconf 88' lang='lat' dir='ltr'><strong>de</strong></span> <span class='ocrx_word' id='word_1_115' title='bbox 200 1901 357 1974; x_wconf 84' lang='grc' dir='ltr'><strong><em>Πασῖνος</em></strong></span> <span class='ocrx_word' id='word_1_116' title='bbox 385 1905 418 1963; x_wconf 85' lang='lat' dir='ltr'><strong>et</strong></span> <span class='ocrx_word' id='word_1_117' title='bbox 438 1902 628 1975; x_wconf 75' lang='grc' dir='ltr'><strong><em>Πασίνοοςι</em></strong></span> <span class='ocrx_word' id='word_1_118' title='bbox 664 1904 818 1975; x_wconf 81' lang='grc' dir='ltr'><strong><em>Πασῑνος</em></strong></span> <span class='ocrx_word' id='word_1_119' title='bbox 841 1898 925 1964; x_wconf 86' lang='lat' dir='ltr'><strong>enim</strong></span> <span class='ocrx_word' id='word_1_120' title='bbox 948 1899 1085 1982; x_wconf 78' lang='lat' dir='ltr'><strong>legimus</strong></span> <span class='ocrx_word' id='word_1_121' title='bbox 1106 1898 1195 1984; x_wconf 83' lang='lat' dir='ltr'><strong>apud</strong></span> 
     </span>
     <span class='ocr_line' id='line_1_16' title="bbox 75 1993 1196 2079; baseline 0.004 -20"><span class='ocrx_word' id='word_1_122' title='bbox 75 1993 165 2060; x_wconf 87' lang='lat' dir='ltr'><strong>lsoer.</strong></span> <span class='ocrx_word' id='word_1_123' title='bbox 190 1998 240 2076; x_wconf 88' lang='lat'><strong>19,</strong></span> <span class='ocrx_word' id='word_1_124' title='bbox 268 1998 322 2076; x_wconf 79' lang='lat'><strong>183</strong></span> <span class='ocrx_word' id='word_1_125' title='bbox 360 1993 505 2077; x_wconf 87' lang='lat' dir='ltr'><strong>ejusdem</strong></span> <span class='ocrx_word' id='word_1_126' title='bbox 534 1995 596 2061; x_wconf 92' lang='lat' dir='ltr'><strong>looi</strong></span> <span class='ocrx_word' id='word_1_127' title='bbox 623 1996 769 2062; x_wconf 90' lang='lat' dir='ltr'><strong>meminit</strong></span> <span class='ocrx_word' id='word_1_128' title='bbox 796 1996 1047 2079; x_wconf 85' lang='lat' dir='ltr'><strong>Harpooration:</strong></span> <span class='ocrx_word' id='word_1_129' title='bbox 1083 2001 1196 2063; x_wconf 83' lang='grc' dir='ltr'><strong><em>Πασί-</em></strong></span> 
     </span>
     <span class='ocr_line' id='line_1_17' title="bbox 76 2087 1196 2179; baseline 0.006 -25"><span class='ocrx_word' id='word_1_130' title='bbox 76 2109 161 2168; x_wconf 86' lang='grc' dir='ltr'><strong><em>νους·</em></strong></span> <span class='ocrx_word' id='word_1_131' title='bbox 183 2087 375 2179; x_wconf 82' lang='grc' dir='ltr'><strong><em>Ἰσοκράτης</em></strong></span> <span class='ocrx_word' id='word_1_132' title='bbox 396 2090 611 2178; x_wconf 75' lang='grc' dir='ltr'><strong><em>Αἰγινητικῷ</em></strong></span> <span class='ocrx_word' id='word_1_133' title='bbox 634 2089 740 2174; x_wconf 81' lang='grc' dir='ltr'><strong><em>ὄνομα</em></strong></span> <span class='ocrx_word' id='word_1_134' title='bbox 762 2091 886 2177; x_wconf 82' lang='grc' dir='ltr'><strong><em>κύριον,</em></strong></span> <span class='ocrx_word' id='word_1_135' title='bbox 910 2099 942 2159; x_wconf 81' lang='lat' dir='ltr'><strong>et</strong></span> <span class='ocrx_word' id='word_1_136' title='bbox 963 2093 1097 2161; x_wconf 76' lang='lat' dir='ltr'><strong>Suidae:</strong></span> <span class='ocrx_word' id='word_1_137' title='bbox 1119 2100 1196 2160; x_wconf 88' lang='grc' dir='ltr'><strong>Πα-</strong></span> 
     </span>
     <span class='ocr_line' id='line_1_18' title="bbox 77 2186 1195 2274; baseline 0.005 -22"><span class='ocrx_word' id='word_1_138' title='bbox 77 2199 162 2266; x_wconf 86' lang='grc' dir='ltr'><strong><em>σῑνος</em></strong></span> <span class='ocrx_word' id='word_1_139' title='bbox 194 2186 303 2274; x_wconf 72' lang='grc' dir='ltr'><strong><em>ὄνομα</em></strong></span> <span class='ocrx_word' id='word_1_140' title='bbox 332 2187 457 2274; x_wconf 86' lang='grc' dir='ltr'><strong><em>κύριον.</em></strong></span> <span class='ocrx_word' id='word_1_141' title='bbox 501 2193 675 2266; x_wconf 83' lang='grc' dir='ltr'><strong><em>Πασλνους</em></strong></span> <span class='ocrx_word' id='word_1_142' title='bbox 702 2190 798 2274; x_wconf 81' lang='lat' dir='ltr'><strong>igitur</strong></span> <span class='ocrx_word' id='word_1_143' title='bbox 827 2197 969 2256; x_wconf 89' lang='lat' dir='ltr'><strong>autnon</strong></span> <span class='ocrx_word' id='word_1_144' title='bbox 991 2199 1078 2258; x_wconf 87' lang='lat' dir='ltr'><strong>reete</strong></span> <span class='ocrx_word' id='word_1_145' title='bbox 1099 2193 1195 2260; x_wconf 87' lang='lat' dir='ltr'><strong>tradi·</strong></span> 
     </span>
     <span class='ocr_line' id='line_1_19' title="bbox 75 2286 1196 2371; baseline 0.008 -21"><span class='ocrx_word' id='word_1_146' title='bbox 75 2291 134 2350; x_wconf 94' lang='lat' dir='ltr'><strong>tum</strong></span> <span class='ocrx_word' id='word_1_147' title='bbox 150 2294 208 2370; x_wconf 87' lang='lat' dir='ltr'><strong>est,</strong></span> <span class='ocrx_word' id='word_1_148' title='bbox 233 2295 290 2354; x_wconf 91' lang='lat' dir='ltr'><strong>aut</strong></span> <span class='ocrx_word' id='word_1_149' title='bbox 304 2288 351 2354; x_wconf 87' lang='lat' dir='ltr'><strong>eia</strong></span> <span class='ocrx_word' id='word_1_150' title='bbox 366 2286 548 2353; x_wconf 87' lang='lat' dir='ltr'><strong>detenditur</strong></span> <span class='ocrx_word' id='word_1_151' title='bbox 562 2307 645 2371; x_wconf 90' lang='lat' dir='ltr'><strong>quae</strong></span> <span class='ocrx_word' id='word_1_152' title='bbox 659 2288 792 2354; x_wconf 87' lang='lat' dir='ltr'><strong>Lobeok</strong></span> <span class='ocrx_word' id='word_1_153' title='bbox 808 2287 849 2354; x_wconf 90' lang='lat' dir='ltr'><strong>de</strong></span> <span class='ocrx_word' id='word_1_154' title='bbox 864 2288 1051 2368; x_wconf 82' lang='grc' dir='ltr'><strong><em>Καλλίνοος</em></strong></span> <span class='ocrx_word' id='word_1_155' title='bbox 1065 2292 1196 2360; x_wconf 90' lang='lat' dir='ltr'><strong>nomine</strong></span> 
     </span>
     <span class='ocr_line' id='line_1_20' title="bbox 76 2382 1196 2468; baseline 0.006 -20"><span class='ocrx_word' id='word_1_156' title='bbox 76 2382 255 2468; x_wconf 87' lang='lat' dir='ltr'><strong>disputavit.</strong></span> <span class='ocrx_word' id='word_1_157' title='bbox 300 2386 397 2452; x_wconf 90' lang='lat' dir='ltr'><strong>Nullo</strong></span> <span class='ocrx_word' id='word_1_158' title='bbox 425 2385 520 2452; x_wconf 92' lang='lat' dir='ltr'><strong>modo</strong></span> <span class='ocrx_word' id='word_1_159' title='bbox 543 2392 650 2452; x_wconf 90' lang='lat' dir='ltr'><strong>autem</strong></span> <span class='ocrx_word' id='word_1_160' title='bbox 672 2391 825 2462; x_wconf 82' lang='grc' dir='ltr'><strong><em>Πασλνος</em></strong></span> <span class='ocrx_word' id='word_1_161' title='bbox 854 2405 894 2451; x_wconf 87' lang='lat' dir='ltr'><strong>ex</strong></span> <span class='ocrx_word' id='word_1_162' title='bbox 917 2391 1092 2465; x_wconf 84' lang='grc' dir='ltr'><strong><em>Ποοίνοας</em></strong></span> <span class='ocrx_word' id='word_1_163' title='bbox 1113 2388 1196 2454; x_wconf 88' lang='lat' dir='ltr'><strong>deri·</strong></span> 
     </span>
     <span class='ocr_line' id='line_1_21' title="bbox 75 2489 410 2568; baseline 0.012 -24"><span class='ocrx_word' id='word_1_164' title='bbox 75 2489 176 2548; x_wconf 81' lang='lat' dir='ltr'><strong>vatum</strong></span> <span class='ocrx_word' id='word_1_165' title='bbox 199 2503 273 2550; x_wconf 87' lang='lat' dir='ltr'><strong>esse</strong></span> <span class='ocrx_word' id='word_1_166' title='bbox 294 2489 410 2568; x_wconf 86' lang='lat' dir='ltr'><strong>potest.</strong></span> 
     </span>
    </p>
   </div>
   <div class='ocr_carea' id='block_1_4' title="bbox 153 2646 733 2734">
    <p class='ocr_par' dir='ltr' id='par_1_4' title="bbox 153 2646 733 2734">
     <span class='ocr_line' id='line_1_22' title="bbox 153 2646 733 2734; baseline -0.007 -18"><span class='ocrx_word' id='word_1_167' title='bbox 153 2649 187 2716; x_wconf 82' lang='lat' dir='ltr'><strong>O.</strong></span> <span class='ocrx_word' id='word_1_168' title='bbox 233 2651 284 2716; x_wconf 92' lang='lat' dir='ltr'><strong>De</strong></span> <span class='ocrx_word' id='word_1_169' title='bbox 305 2649 379 2716; x_wconf 88' lang='lat' dir='ltr'><strong>aliis</strong></span> <span class='ocrx_word' id='word_1_170' title='bbox 400 2646 571 2734; x_wconf 80' lang='lat' dir='ltr'><strong>adjectivis</strong></span> <span class='ocrx_word' id='word_1_171' title='bbox 593 2650 626 2714; x_wconf 92' lang='lat' dir='ltr'><strong>in</strong></span> <span class='ocrx_word' id='word_1_172' title='bbox 648 2671 733 2725; x_wconf 87' lang='grc' dir='ltr'><strong><em>-οας.</em></strong></span> 
     </span>
    </p>
   </div>
   <div class='ocr_carea' id='block_1_5' title="bbox 76 2776 1221 4130">
    <p class='ocr_par' dir='ltr' id='par_1_5' title="bbox 156 2776 377 2860">
     <span class='ocr_line' id='line_1_23' title="bbox 156 2776 377 2860; baseline 0 -20"><span class='ocrx_word' id='word_1_173' title='bbox 156 2782 182 2841; x_wconf 87' lang='grc'><strong>1.</strong></span> <span class='ocrx_word' id='word_1_174' title='bbox 229 2776 377 2860; x_wconf 78' lang='grc' dir='ltr'><strong><em>ὄλκροος.</em></strong></span> 
     </span>
    </p>

    <p class='ocr_par' dir='ltr' id='par_1_6' title="bbox 76 2872 1221 4130">
     <span class='ocr_line' id='line_1_24' title="bbox 153 2872 1194 2958; baseline 0 -18"><span class='ocrx_word' id='word_1_175' title='bbox 153 2875 324 2942; x_wconf 84' lang='lat' dir='ltr'><strong>Breviores</strong></span> <span class='ocrx_word' id='word_1_176' title='bbox 344 2873 464 2940; x_wconf 85' lang='lat' dir='ltr'><strong>formas</strong></span> <span class='ocrx_word' id='word_1_177' title='bbox 485 2873 637 2958; x_wconf 86' lang='lat' dir='ltr'><strong>adjeotivi</strong></span> <span class='ocrx_word' id='word_1_178' title='bbox 661 2872 796 2956; x_wconf 83' lang='grc' dir='ltr'><strong><em>ὄίκροος</em></strong></span> <span class='ocrx_word' id='word_1_179' title='bbox 819 2872 918 2940; x_wconf 89' lang='lat' dir='ltr'><strong>habes</strong></span> <span class='ocrx_word' id='word_1_180' title='bbox 939 2874 973 2940; x_wconf 92' lang='lat' dir='ltr'><strong>in</strong></span> <span class='ocrx_word' id='word_1_181' title='bbox 988 2893 1082 2940; x_wconf 87' lang='lat' dir='ltr'><strong>versu</strong></span> <span class='ocrx_word' id='word_1_182' title='bbox 1098 2874 1194 2940; x_wconf 81' lang='lat' dir='ltr'><strong>Calli·</strong></span> 
     </span>
     <span class='ocr_line' id='line_1_25' title="bbox 76 2969 1192 3058; baseline 0.004 -24"><span class='ocrx_word' id='word_1_183' title='bbox 76 2973 173 3038; x_wconf 82' lang='lat' dir='ltr'><strong>machi</strong></span> <span class='ocrx_word' id='word_1_184' title='bbox 203 2973 256 3052; x_wconf 85' lang='lat' dir='ltr'><strong>(oi.</strong></span> <span class='ocrx_word' id='word_1_185' title='bbox 286 2973 323 3036; x_wconf 84' lang='lat' dir='ltr'><strong>ll.</strong></span> <span class='ocrx_word' id='word_1_186' title='bbox 346 2973 388 3038; x_wconf 90' lang='lat' dir='ltr'><strong>M.</strong></span> <span class='ocrx_word' id='word_1_187' title='bbox 412 2975 483 3053; x_wconf 81' lang='lat'><strong>276,</strong></span> <span class='ocrx_word' id='word_1_188' title='bbox 508 2976 565 3054; x_wconf 79' lang='lat'><strong>213</strong></span> <span class='ocrx_word' id='word_1_189' title='bbox 596 2971 670 3038; x_wconf 88' lang='lat' dir='ltr'><strong>Her.</strong></span> <span class='ocrx_word' id='word_1_190' title='bbox 695 2969 745 3037; x_wconf 89' lang='lat' dir='ltr'><strong>ed.</strong></span> <span class='ocrx_word' id='word_1_191' title='bbox 769 2971 806 3035; x_wconf 90' lang='lat' dir='ltr'><strong>L.</strong></span> <span class='ocrx_word' id='word_1_192' title='bbox 829 2969 872 3053; x_wconf 92' lang='lat' dir='ltr'><strong>II,</strong></span> <span class='ocrx_word' id='word_1_193' title='bbox 897 2974 969 3054; x_wconf 82' lang='lat'><strong>385,</strong></span> <span class='ocrx_word' id='word_1_194' title='bbox 997 2976 1046 3050; x_wconf 79' lang='lat'><strong>17)</strong></span> <span class='ocrx_word' id='word_1_195' title='bbox 1077 2971 1192 3058; x_wconf 80' lang='grc' dir='ltr'><strong><em>δίκρον</em></strong></span> 
     </span>
     <span class='ocr_line' id='line_1_26' title="bbox 78 3065 1194 3156; baseline 0.002 -24"><span class='ocrx_word' id='word_1_196' title='bbox 78 3070 208 3155; x_wconf 80' lang='grc' dir='ltr'><strong><em>φίλτρον</em></strong></span> <span class='ocrx_word' id='word_1_197' title='bbox 232 3065 415 3156; x_wconf 77' lang='grc' dir='ltr'><strong><em>ἀειραμένη</em></strong></span> <span class='ocrx_word' id='word_1_198' title='bbox 440 3077 473 3136; x_wconf 88' lang='lat' dir='ltr'><strong>et</strong></span> <span class='ocrx_word' id='word_1_199' title='bbox 492 3070 526 3134; x_wconf 92' lang='lat' dir='ltr'><strong>in</strong></span> <span class='ocrx_word' id='word_1_200' title='bbox 541 3069 683 3154; x_wconf 85' lang='lat' dir='ltr'><strong>Hesyohi</strong></span> <span class='ocrx_word' id='word_1_201' title='bbox 704 3069 815 3150; x_wconf 80' lang='lat' dir='ltr'><strong>glossa</strong></span> <span class='ocrx_word' id='word_1_202' title='bbox 837 3067 936 3152; x_wconf 78' lang='grc' dir='ltr'><strong><em>δίκρα</em></strong></span> <span class='ocrx_word' id='word_1_203' title='bbox 952 3066 1062 3156; x_wconf 82' lang='grc' dir='ltr'><strong><em>ὀσφῦς</em></strong></span> <span class='ocrx_word' id='word_1_204' title='bbox 1084 3065 1194 3153; x_wconf 76' lang='grc' dir='ltr'><strong><em>(ὄψις)</em></strong></span> 
     </span>
     <span class='ocr_line' id='line_1_27' title="bbox 77 3165 1192 3252; baseline 0.003 -22"><span class='ocrx_word' id='word_1_205' title='bbox 77 3185 111 3230; x_wconf 81' lang='lat' dir='ltr'><strong>ex</strong></span> <span class='ocrx_word' id='word_1_206' title='bbox 131 3168 292 3252; x_wconf 79' lang='lat' dir='ltr'><strong>Aeschylo</strong></span> <span class='ocrx_word' id='word_1_207' title='bbox 313 3167 424 3232; x_wconf 87' lang='lat' dir='ltr'><strong>allata.</strong></span> <span class='ocrx_word' id='word_1_208' title='bbox 472 3167 659 3250; x_wconf 83' lang='lat' dir='ltr'><strong>Priusquam</strong></span> <span class='ocrx_word' id='word_1_209' title='bbox 682 3172 788 3232; x_wconf 88' lang='lat' dir='ltr'><strong>autem</strong></span> <span class='ocrx_word' id='word_1_210' title='bbox 812 3165 991 3249; x_wconf 90' lang='lat' dir='ltr'><strong>dijudioare</strong></span> <span class='ocrx_word' id='word_1_211' title='bbox 1012 3186 1192 3250; x_wconf 88' lang='lat' dir='ltr'><strong>possumus,</strong></span> 
     </span>
     <span class='ocr_line' id='line_1_28' title="bbox 77 3263 1192 3349; baseline 0.004 -22"><span class='ocrx_word' id='word_1_212' title='bbox 77 3283 144 3328; x_wconf 87' lang='lat' dir='ltr'><strong>num</strong></span> <span class='ocrx_word' id='word_1_213' title='bbox 165 3265 199 3330; x_wconf 93' lang='lat' dir='ltr'><strong>in</strong></span> <span class='ocrx_word' id='word_1_214' title='bbox 221 3264 273 3330; x_wconf 88' lang='lat' dir='ltr'><strong>hia</strong></span> <span class='ocrx_word' id='word_1_215' title='bbox 294 3263 404 3330; x_wconf 87' lang='lat' dir='ltr'><strong>formis</strong></span> <span class='ocrx_word' id='word_1_216' title='bbox 419 3265 630 3349; x_wconf 85' lang='lat' dir='ltr'><strong>hyphaeresis</strong></span> <span class='ocrx_word' id='word_1_217' title='bbox 652 3265 775 3330; x_wconf 86' lang='lat' dir='ltr'><strong>vooalis</strong></span> <span class='ocrx_word' id='word_1_218' title='bbox 790 3287 808 3327; x_wconf 94' lang='grc' dir='ltr'><strong><em>ο</em></strong></span> <span class='ocrx_word' id='word_1_219' title='bbox 824 3263 909 3330; x_wconf 84' lang='lat' dir='ltr'><strong>faeta</strong></span> <span class='ocrx_word' id='word_1_220' title='bbox 931 3265 981 3342; x_wconf 87' lang='lat' dir='ltr'><strong>sit,</strong></span> <span class='ocrx_word' id='word_1_221' title='bbox 1006 3264 1047 3330; x_wconf 90' lang='lat' dir='ltr'><strong>de</strong></span> <span class='ocrx_word' id='word_1_222' title='bbox 1069 3264 1192 3348; x_wconf 87' lang='lat' dir='ltr'><strong>origine</strong></span> 
     </span>
     <span class='ocr_line' id='line_1_29' title="bbox 77 3357 1193 3448; baseline 0.007 -26"><span class='ocrx_word' id='word_1_223' title='bbox 77 3357 163 3443; x_wconf 88' lang='lat' dir='ltr'><strong>hujus</strong></span> <span class='ocrx_word' id='word_1_224' title='bbox 184 3364 273 3429; x_wconf 88' lang='lat' dir='ltr'><strong>voois</strong></span> <span class='ocrx_word' id='word_1_225' title='bbox 295 3361 456 3445; x_wconf 85' lang='lat' dir='ltr'><strong>agendum</strong></span> <span class='ocrx_word' id='word_1_226' title='bbox 482 3368 557 3428; x_wconf 70' lang='lat' dir='ltr'><strong>esta</strong></span> <span class='ocrx_word' id='word_1_227' title='bbox 576 3361 712 3448; x_wconf 80' lang='grc' dir='ltr'><strong><em>ὄλκροος</em></strong></span> <span class='ocrx_word' id='word_1_228' title='bbox 734 3367 783 3428; x_wconf 86' lang='lat' dir='ltr'><strong>est</strong></span> <span class='ocrx_word' id='word_1_229' title='bbox 805 3359 918 3445; x_wconf 74' lang='lat' dir='ltr'><strong>ticeps,</strong></span> <span class='ocrx_word' id='word_1_230' title='bbox 941 3359 1062 3445; x_wconf 78' lang='lat' dir='ltr'><strong>bifidus,</strong></span> <span class='ocrx_word' id='word_1_231' title='bbox 1085 3363 1193 3445; x_wconf 85' lang='lat' dir='ltr'><strong>itaque</strong></span> 
     </span>
     <span class='ocr_line' id='line_1_30' title="bbox 77 3455 1193 3543; baseline 0.005 -23"><span class='ocrx_word' id='word_1_232' title='bbox 77 3455 114 3520; x_wconf 88' lang='lat' dir='ltr'><strong>ad</strong></span> <span class='ocrx_word' id='word_1_233' title='bbox 133 3459 201 3524; x_wconf 88' lang='lat' dir='ltr'><strong>rad.</strong></span> <span class='ocrx_word' id='word_1_234' title='bbox 225 3483 288 3543; x_wconf 87' lang='grc' dir='ltr'><strong>καρ</strong></span> <span class='ocrx_word' id='word_1_235' title='bbox 310 3458 524 3525; x_wconf 78' lang='lat' dir='ltr'><strong>revocandum</strong></span> <span class='ocrx_word' id='word_1_236' title='bbox 548 3479 619 3526; x_wconf 89' lang='lat' dir='ltr'><strong>ease</strong></span> <span class='ocrx_word' id='word_1_237' title='bbox 641 3460 769 3526; x_wconf 86' lang='lat' dir='ltr'><strong>videtur</strong></span> <span class='ocrx_word' id='word_1_238' title='bbox 795 3458 844 3536; x_wconf 86' lang='lat' dir='ltr'><strong>(el.</strong></span> <span class='ocrx_word' id='word_1_239' title='bbox 868 3457 986 3523; x_wconf 88' lang='lat' dir='ltr'><strong>Herod.</strong></span> <span class='ocrx_word' id='word_1_240' title='bbox 1009 3459 1031 3522; x_wconf 91' lang='lat' dir='ltr'><strong>l.</strong></span> <span class='ocrx_word' id='word_1_241' title='bbox 1054 3464 1104 3536; x_wconf 81' lang='lat' dir='ltr'><strong>a).</strong></span> <span class='ocrx_word' id='word_1_242' title='bbox 1149 3459 1193 3526; x_wconf 91' lang='lat' dir='ltr'><strong>Ut</strong></span> 
     </span>
     <span class='ocr_line' id='line_1_31' title="bbox 78 3553 1190 3642; baseline 0.003 -26"><span class='ocrx_word' id='word_1_243' title='bbox 78 3553 154 3620; x_wconf 91' lang='lat' dir='ltr'><strong>enim</strong></span> <span class='ocrx_word' id='word_1_244' title='bbox 170 3577 190 3622; x_wconf 91' lang='lat' dir='ltr'><strong>a</strong></span> <span class='ocrx_word' id='word_1_245' title='bbox 204 3555 273 3622; x_wconf 89' lang='lat' dir='ltr'><strong>rad.</strong></span> <span class='ocrx_word' id='word_1_246' title='bbox 290 3581 353 3641; x_wconf 88' lang='grc' dir='ltr'><strong>καρ</strong></span> <span class='ocrx_word' id='word_1_247' title='bbox 371 3557 469 3622; x_wconf 87' lang='lat' dir='ltr'><strong>variis</strong></span> <span class='ocrx_word' id='word_1_248' title='bbox 491 3555 613 3624; x_wconf 82' lang='lat' dir='ltr'><strong>suffixis</strong></span> <span class='ocrx_word' id='word_1_249' title='bbox 634 3557 771 3640; x_wconf 88' lang='lat' dir='ltr'><strong>adjeetis</strong></span> <span class='ocrx_word' id='word_1_250' title='bbox 793 3556 940 3622; x_wconf 87' lang='lat' dir='ltr'><strong>derivata</strong></span> <span class='ocrx_word' id='word_1_251' title='bbox 962 3563 1036 3622; x_wconf 89' lang='lat' dir='ltr'><strong>sunt</strong></span> <span class='ocrx_word' id='word_1_252' title='bbox 1058 3579 1190 3642; x_wconf 81' lang='grc' dir='ltr'><strong><em>καρ-ας,</em></strong></span> 
     </span>
     <span class='ocr_line' id='line_1_32' title="bbox 79 3649 1221 3738; baseline 0.008 -26"><span class='ocrx_word' id='word_1_253' title='bbox 79 3649 237 3734; x_wconf 81' lang='grc' dir='ltr'><strong><em>κρ-άνο-ς,</em></strong></span> <span class='ocrx_word' id='word_1_254' title='bbox 259 3676 467 3738; x_wconf 57' lang='lat' dir='ltr'><strong>auo-croesus</strong></span> <span class='ocrx_word' id='word_1_255' title='bbox 490 3660 550 3721; x_wconf 84' lang='lat' dir='ltr'><strong>oet.</strong></span> <span class='ocrx_word' id='word_1_256' title='bbox 573 3653 624 3728; x_wconf 81' lang='lat' dir='ltr'><strong>(of.</strong></span> <span class='ocrx_word' id='word_1_257' title='bbox 640 3652 846 3738; x_wconf 81' lang='lat' dir='ltr'><strong>Siegismund</strong></span> <span class='ocrx_word' id='word_1_258' title='bbox 861 3652 950 3719; x_wconf 81' lang='lat' dir='ltr'><strong>stud.</strong></span> <span class='ocrx_word' id='word_1_259' title='bbox 976 3653 1012 3735; x_wconf 88' lang='lat' dir='ltr'><strong>V,</strong></span> <span class='ocrx_word' id='word_1_260' title='bbox 1040 3659 1122 3733; x_wconf 85' lang='grc'>147),</span> <span class='ocrx_word' id='word_1_261' title='bbox 1146 3655 1221 3722; x_wconf 70' lang='lat' dir='ltr'><strong>sio·</strong></span> 
     </span>
     <span class='ocr_line' id='line_1_33' title="bbox 79 3749 1191 3838; baseline 0.006 -27"><span class='ocrx_word' id='word_1_262' title='bbox 79 3749 165 3814; x_wconf 88' lang='lat' dir='ltr'><strong>etiam</strong></span> <span class='ocrx_word' id='word_1_263' title='bbox 188 3773 288 3835; x_wconf 71' lang='lat' dir='ltr'><strong>ano-o</strong></span> <span class='ocrx_word' id='word_1_264' title='bbox 312 3758 344 3818; x_wconf 90' lang='lat' dir='ltr'><strong>et</strong></span> <span class='ocrx_word' id='word_1_265' title='bbox 365 3775 525 3838; x_wconf 64' lang='grc' dir='ltr'><strong><em>καρο-αο</em></strong></span> <span class='ocrx_word' id='word_1_266' title='bbox 554 3753 595 3818; x_wconf 86' lang='lat' dir='ltr'><strong>ab</strong></span> <span class='ocrx_word' id='word_1_267' title='bbox 625 3752 739 3818; x_wconf 90' lang='lat' dir='ltr'><strong>eadem</strong></span> <span class='ocrx_word' id='word_1_268' title='bbox 766 3749 876 3816; x_wconf 83' lang='lat' dir='ltr'><strong>radiae</strong></span> <span class='ocrx_word' id='word_1_269' title='bbox 897 3749 1013 3816; x_wconf 82' lang='lat' dir='ltr'><strong>deduci</strong></span> <span class='ocrx_word' id='word_1_270' title='bbox 1041 3759 1191 3837; x_wconf 82' lang='lat' dir='ltr'><strong>possunt3</strong></span> 
     </span>
     <span class='ocr_line' id='line_1_34' title="bbox 80 3847 1192 3934; baseline 0.008 -27"><span class='ocrx_word' id='word_1_271' title='bbox 80 3863 212 3932; x_wconf 73' lang='lat' dir='ltr'><strong>auno-o</strong></span> <span class='ocrx_word' id='word_1_272' title='bbox 235 3869 377 3934; x_wconf 87' lang='lat' dir='ltr'><strong>synoope</strong></span> <span class='ocrx_word' id='word_1_273' title='bbox 392 3874 413 3914; x_wconf 91' lang='grc' dir='ltr'><strong><em>α</em></strong></span> <span class='ocrx_word' id='word_1_274' title='bbox 433 3850 555 3916; x_wconf 86' lang='lat' dir='ltr'><strong>vooalis</strong></span> <span class='ocrx_word' id='word_1_275' title='bbox 576 3849 661 3916; x_wconf 84' lang='lat' dir='ltr'><strong>laeta</strong></span> <span class='ocrx_word' id='word_1_276' title='bbox 682 3849 771 3914; x_wconf 93' lang='lat' dir='ltr'><strong>utin</strong></span> <span class='ocrx_word' id='word_1_277' title='bbox 795 3871 915 3932; x_wconf 84' lang='grc' dir='ltr'><strong><em>κρ-ανο</em></strong></span> <span class='ocrx_word' id='word_1_278' title='bbox 938 3847 1119 3914; x_wconf 87' lang='lat' dir='ltr'><strong>derivatum</strong></span> <span class='ocrx_word' id='word_1_279' title='bbox 1142 3855 1192 3916; x_wconf 85' lang='lat' dir='ltr'><strong>est</strong></span> 
     </span>
     <span class='ocr_line' id='line_1_35' title="bbox 82 3939 1190 4032; baseline 0.004 -26"><span class='ocrx_word' id='word_1_280' title='bbox 82 3939 254 4030; x_wconf 79' lang='grc' dir='ltr'><strong><em>ὄί-κρ-ο-ς,</em></strong></span> <span class='ocrx_word' id='word_1_281' title='bbox 282 3966 482 4030; x_wconf 61' lang='grc' dir='ltr'><strong><em>ακαρ-ο-πο</em></strong></span> <span class='ocrx_word' id='word_1_282' title='bbox 508 3948 721 4032; x_wconf 82' lang='grc' dir='ltr'><strong><em>ὄλ-κρ-ο-ο-ς.</em></strong></span> <span class='ocrx_word' id='word_1_283' title='bbox 766 3948 816 4012; x_wconf 87' lang='lat' dir='ltr'><strong>De</strong></span> <span class='ocrx_word' id='word_1_284' title='bbox 838 3945 1032 4030; x_wconf 76' lang='lat' dir='ltr'><strong>hyphaoresi</strong></span> <span class='ocrx_word' id='word_1_285' title='bbox 1054 3946 1150 4030; x_wconf 85' lang='lat' dir='ltr'><strong>igitur</strong></span> <span class='ocrx_word' id='word_1_286' title='bbox 1172 3970 1190 4010; x_wconf 96' lang='grc' dir='ltr'><strong><em>ο</em></strong></span> 
     </span>
     <span class='ocr_line' id='line_1_36' title="bbox 81 4043 900 4130; baseline 0.005 -26"><span class='ocrx_word' id='word_1_287' title='bbox 81 4043 191 4111; x_wconf 86' lang='lat' dir='ltr'><strong>voealis</strong></span> <span class='ocrx_word' id='word_1_288' title='bbox 212 4045 245 4110; x_wconf 92' lang='lat' dir='ltr'><strong>in</strong></span> <span class='ocrx_word' id='word_1_289' title='bbox 269 4043 393 4130; x_wconf 81' lang='grc' dir='ltr'><strong><em>ὁλκρον,</em></strong></span> <span class='ocrx_word' id='word_1_290' title='bbox 424 4043 522 4129; x_wconf 69' lang='lat' dir='ltr'><strong>diaeo</strong></span> <span class='ocrx_word' id='word_1_291' title='bbox 545 4045 677 4128; x_wconf 81' lang='lat' dir='ltr'><strong>eogitari</strong></span> <span class='ocrx_word' id='word_1_292' title='bbox 698 4065 763 4110; x_wconf 91' lang='lat' dir='ltr'><strong>uon</strong></span> <span class='ocrx_word' id='word_1_293' title='bbox 786 4049 900 4128; x_wconf 87' lang='lat' dir='ltr'><strong>potest.</strong></span> 
     </span>
    </p>
   </div>
   <div class='ocr_carea' id='block_1_6' title="bbox 0 0 1484 4868">
    <p class='ocr_par' dir='ltr' id='par_1_7' title="bbox 0 0 1484 4868">
     <span class='ocr_line' id='line_1_37' title="bbox 0 0 1484 4868; baseline 0 0"><span class='ocrx_word' id='word_1_294' title='bbox 0 0 1484 4868; x_wconf 95' lang='lat' dir='ltr'><strong> </strong></span> 
     </span>
    </p>
   </div>
  </div>
 </body>
</html>
