2958 4868
279 386 340 450 142
775 390 905 461 Mangold

276 562 433 629 tionibus:
469 562 516 628 rei
544 561 722 629 difficultati
751 563 929 631 cedendum
953 563 1028 645 erit,
1063 562 1236 630 dnmmodo
1259 564 1388 631 omnium

275 660 452 740 rationibus
473 661 566 744 quasi
586 662 620 726 in
641 681 706 726 uno
721 667 894 746 conspeetu
915 661 1030 746 positis
1047 669 1261 746 aoourateque
1282 662 1389 728 exami-

275 758 361 825 natis
393 764 535 824 nostram
572 758 765 826 sententiam
797 760 954 844 majorem
986 758 1107 826 habere
1129 758 1389 845 ,probabilitatem

276 875 371 942 quam
394 862 570 922 ceterorum
593 855 830 924 demonstrasse
852 855 1028 922 videamur.

360 954 398 1021 ln
413 955 474 1048 bqo
489 973 565 1020 vero
581 953 739 1036 examine,
762 961 797 1020 ut
819 977 878 1040 par
893 964 951 1038 est,
974 958 1017 1023 ab
1032 956 1224 1040 antiquitate
1240 953 1390 1037 exordior,

275 1073 468 1136 quamquam
496 1051 539 1118 ad
567 1050 720 1118 diaetasis
748 1060 895 1120 naturam
924 1055 1007 1122 bene
1038 1051 1294 1137 intellegendam
1327 1071 1391 1118 eam

274 1150 356 1217 nihil
378 1151 489 1216 valere
507 1149 577 1233 jam
590 1149 743 1215 indicavi.
773 1150 903 1216 lllorum
919 1159 1027 1218 autem
1042 1159 1220 1236 temporum
1242 1170 1393 1233 gramma-

274 1249 329 1314 tioi
357 1267 428 1312 oum
450 1247 484 1312 iu
512 1247 585 1314 aliis
608 1247 757 1329 vocibus,
780 1268 807 1315 e.
830 1269 861 1332 g.
883 1249 917 1314 in
941 1248 1053 1336 φόως,
1082 1249 1236 1328 θόωκος,
1270 1253 1393 1326 θέειον,

274 1352 340 1412 tum
363 1347 397 1410 in
418 1344 526 1412 verbis
547 1348 717 1416 eontraotis
739 1349 774 1414 in
795 1372 863 1413 -αω
880 1350 1101 1420 desinentibus
1123 1346 1280 1414 dieotasin
1301 1365 1394 1428 agno

274 1449 405 1511 verunt:
442 1445 500 1510 sed
527 1445 584 1511 alii
611 1446 706 1512 alitor
733 1447 809 1513 illas
838 1447 957 1515 formas
989 1447 1152 1533 explicare
1180 1443 1286 1510 eonati
1316 1451 1394 1508 sunt

274 1546 320 1612 Ut
352 1543 584 1628 explicationes
616 1544 722 1609 minus
754 1545 846 1612 tritas
878 1549 1022 1614 omittam
1055 1582 1097 1592 -
1133 1543 1223 1609 velut
1249 1539 1393 1606 Eustath.

142 1659 144 1665 '
276 1649 327 1726 30,
344 1648 394 1726 40,
419 1641 472 1726 qui
487 1645 708 1724 παρενθέσει,
732 1647 832 1712 sobol.
855 1647 931 1712 Hes.
950 1642 1034 1729 Opp.
1053 1645 1123 1724 179,
1147 1641 1201 1724 qui
1215 1635 1393 1724 προςθήκῃ

111 1741 117 1748 ’
273 1741 348 1807 illas
370 1740 540 1806 verborum
562 1739 681 1806 formas
703 1761 721 1808 e
742 1745 914 1810 oontraetis
935 1743 1054 1824 laetas,
1075 1740 1176 1808 schol.
1198 1737 1231 1807 Ξ
1250 1738 1323 1818 229,
1347 1735 1395 1819 qui

271 1835 389 1904 Ἀθόω
411 1857 523 1904 vooem
545 1837 753 1922 παρεκτάσει
775 1847 938 1928 ποιητικῇ
961 1860 1002 1907 ex
1020 1835 1116 1904 Ἄθω
1140 1836 1307 1902 dilatatam
1328 1852 1395 1900 esso

273 1936 357 2018 vult,
386 1971 428 1980 -
462 1934 582 2018 duplex
615 1940 798 2006 anomaliae
827 1939 963 2005 traditur
991 1935 1149 2003 definitio:
1181 1932 1282 2028 ,modo
1313 1932 1394 1998 enim

274 2034 538 2118 pleonasmus
561 2035 762 2118 poeticus,
796 2036 892 2104 modo
915 2035 1121 2101 diaeresis
1144 2033 1197 2099 vel
1220 2031 1394 2114 dialysis

273 2139 415 2198 robatur.

358 2229 464 2311 Atque
492 2229 614 2312 primus
641 2229 821 2298 audiendus
851 2238 900 2297 est
927 2229 1184 2296 Herodianus
1213 2227 1265 2306 (el.
1288 2227 1393 2292 Lentu.

273 2326 373 2411 praet.
395 2326 525 2405 x0111).
570 2329 603 2394 Is
630 2328 674 2394 ad
702 2329 893 2394 vooabnlum
927 2325 1024 2415 φόως
1056 2324 1285 2410 explioandum
1318 2324 1393 2390 haee

272 2424 392 2509 profert
414 2425 469 2507 (ΙΙ,
492 2429 553 2491 307
577 2427 643 2500 L.):
666 2425 882 2508 πλεονασμόν
905 2424 1019 2492 ἔπαθε
1043 2423 1081 2489 τὸ
1106 2421 1201 2510 φόως
1223 2415 1244 2508 ἢ
1269 2421 1393 2504 διαίρε-

274 2545 328 2588 σιν
334 2549 345 2602 ,·
358 2522 416 2586 καὶ
432 2526 465 2588 ιλ
477 2521 636 2610 διαφέρει
648 2523 816 2608 διαίρεσις
831 2524 1064 2604 πλεονασμοῦ,
1080 2519 1132 2586 ότι
1144 2515 1162 2586 o‘
1174 2520 1236 2602 μὲν
1251 2520 1393 2586 πλεονα-

273 2618 359 2702 σμὸς
380 2617 439 2684 τὸν
463 2618 590 2686 οἰκεῖον
605 2619 703 2686 τόνον
719 2619 891 2708 φυλάττει,
915 2617 1011 2704 ὥρων
1026 2618 1152 2704 ἑώρων,
1175 2614 1297 2704 ἥνδανε
1321 2615 1393 2702 ἑήν·

274 2715 369 2783 ὁανε·
398 2715 436 2782 τό
461 2715 498 2782 δὲ
522 2716 618 2805 φόως
640 2717 761 2804 ἐπειδὴ
785 2717 843 2784 τόν
867 2716 992 2784 οἰκεῖον
1015 2715 1114 2782 τόνον
1137 2712 1197 2782 οὐκ
1220 2713 1390 2801 ἐφύλαξεν,

273 2811 429 2902 δηλονότι
463 2814 629 2900 διαίρεσιν
663 2814 806 2883 ἔπαθεν.
851 2815 898 2882 Os.
928 2816 1025 2882 etiam
1055 2815 1103 2895 Π,
1134 2817 1174 2878 49
1211 2812 1323 2892 (sehol.
1352 2810 1390 2877 ad

272 2915 407 2991 uaso),
432 2915 473 2977 σε
496 2914 551 2992 (au
577 2917 607 2979 o
630 2917 714 2991 ser),
742 2920 802 2980 104
826 2913 880 2993 (au
902 2917 1012 2994 Pes),
1040 2917 1099 2977 νιν
1122 2911 1309 2993 (εοεαε),
1335 2913 1389 2973 144
1463 2905 1464 2946 ν

272 3008 328 3087 (ad
350 3033 365 3074 ε
389 3011 474 3091 3771,
498 3013 559 3078 308
583 3009 636 3089 (ad
652 3015 682 3076 E
695 3015 781 3088 326).
825 3011 980 3096 Ejusdem
1003 3009 1149 3076 doctrina
1171 3025 1390 3074 commemora·

215 3154 218 3164 .
269 3107 383 3182 turin
417 3107 455 3171 ld.
474 3107 518 3172 Μ.
552 3112 630 3191 614,
660 3113 701 3176 34
742 3111 803 3192 (ΙΙ,
841 3113 900 3175 172
929 3109 994 3189 L.),
1029 3127 1165 3190 quaeum
1192 3105 1389 3172 consentiunt

271 3204 382 3289 Steph.
414 3204 492 3289 Byz.
521 3210 599 3287 404,
631 3213 650 3271 5
688 3207 748 3286 (II,
785 3210 846 3272 388
876 3207 940 3288 Li,
978 3207 1016 3271 lb.
1046 3206 1088 3271 Μ.
1118 3207 1191 3286 637,
1222 3206 1262 3270 39
1299 3200 1386 3286 (Lob.
1462 3255 1463 3294 ,

270 3303 384 3368 Rham.
410 3300 494 3387 187).
1462 3295 1463 3348 l

356 3399 422 3466 Sed
450 3399 668 3482 Herodianus,
697 3401 797 3468 solius
825 3409 975 3468 aooentus
1004 3401 1132 3466 illorum
1165 3400 1386 3467 vooabnlornm
1462 3363 1463 3451 i

270 3498 395 3564 ratione
416 3497 529 3564 habita
556 3517 698 3582 praeque
719 3519 757 3564 eo
780 3499 894 3566 oeteris
916 3499 1063 3564 omnibus
1085 3499 1256 3581 neglectis,
1288 3497 1386 3563 minus

270 3595 355 3662 bene
385 3594 551 3680 διαίρεσιν
580 3596 669 3661 illam
697 3597 892 3662 anomaliam
922 3597 1014 3662 dioit:
1053 3595 1114 3661 hae
1149 3597 1234 3662 enim
1262 3597 1385 3662 notione

270 3713 291 3758 a
323 3692 436 3758 esteris
468 3693 534 3758 alia
570 3692 729 3775 quaedam
765 3693 929 3760 anomalia
964 3691 1212 3776 signifioabatur'
1239 3695 1289 3768 (of.
1310 3693 1382 3759 Lob.

270 3791 383 3856 Rham.
411 3793 497 3872 188),
528 3790 650 3856 soilioet
672 3809 727 3870 ea,
751 3811 814 3873 qua
835 3793 952 3874 longae
974 3791 1103 3857 vooales
1124 3793 1176 3857 vel
1201 3787 1382 3876 diphthongi

271 3887 405 3952 duarum
441 3888 598 3953 vooalinm
635 3889 857 3972 complexione
900 3895 990 3955 ortae
1025 3889 1059 3952 in
1096 3889 1240 3971 singulas
1280 3905 1381 3952 rursus
1460 3899 1461 3904 ’

270 3985 400 4051 vooales
435 3985 709 4068 dissolvebantur,
753 4005 780 4052 e.
814 4006 844 4070 g.
884 3983 999 4052 δέελον
1037 3985 1174 4054 diaeresi
1213 4005 1252 4053 ex
1287 3983 1379 4072 δῆλον
