2958 4868
465 448 507 503 De
525 447 638 506 diectasi
655 447 800 504 homerica.
1128 445 1186 509 171

82 624 189 690 fabrica
210 621 371 706 prodierit.
415 621 601 688 Mutationis
622 621 781 688 vocalium
804 621 848 686 ᾰᾶ
869 621 902 686 in
924 620 968 684 ἇᾶ
989 621 1113 686 nullum
1136 641 1188 688 ex·

81 729 136 788 stat
161 720 349 804 exemplum.
387 755 429 768 -
465 719 555 798 Quae
577 739 647 786 cum
669 719 715 784 ita
737 719 816 800 sint,
850 717 1089 784 concedendum
1119 720 1187 800 erit,

81 819 224 904 exemplis
245 837 404 932 prorsus
396 817 588 884 similibust
575 807 856 900 transpositionem
873 811 1053 882 vocabuli‘
1037 814 1188 900 οριόονια

79 917 109 982 in
129 912 275 1002 ὁρόωντο
290 909 355 982 et‘
338 939 456 999 οραεις
480 909 681 1000 (raanan)
673 935 707 980 ιιι
723 908 829 1000 ὃροιᾷς
852 913 980 998 probari
996 935 1061 980 non
1084 933 1188 999 posse.

80 1017 191 1081 Tamen
220 1013 296 1128 quia
322 1013 384 1079 hac
412 1013 628 1096 explicatione
655 1011 795 1078 omnium
824 1011 996 1078 termarum
1024 1012 1189 1078 assimula-

79 1117 170 1178 tarum
192 1111 352 1195 origo—
380 1131 444 1176 uno
466 1115 600 1194 excepto
623 1095 848 1195 μενοινάᾳ-
877 1110 960 1176 bene
982 1110 1188 1193 intellegitur,

79 1229 140 1276 eam
161 1210 329 1294 probarem
352 1207 687 1292 commendatamque,
721 1208 784 1274 nisi
811 1209 877 1274 alia
902 1207 1060 1291 quaedam
1083 1208 1113 1274 ei
1136 1209 1190 1274 oh

78 1313 153 1374 stare
174 1305 367 1373 viderentur.

152 1405 264 1470 Totius
287 1404 372 1470 enirn
394 1402 482 1469 Curti
504 1401 684 1469 sentcntiae
699 1401 942 1470 fundamentum
965 1402 1078 1485 estid,
1102 1402 1188 1486 quod

78 1501 204 1585 priorem
227 1501 381 1583 vocalem,
412 1501 501 1566 utin
523 1500 638 1568 ceteris
667 1501 773 1566 verbis
796 1501 976 1582 contractis,
1006 1501 1125 1584 ubique
1147 1503 1188 1568 ab

77 1599 156 1665 initio
178 1601 331 1684 spirantis
351 1599 375 1684 j
394 1599 427 1664 vi
455 1597 643 1683 productam
666 1617 737 1664 esse
762 1603 863 1682 putat.
907 1597 1001 1676 Quod
1029 1618 1102 1665 mea
1124 1600 1189 1682 qui-

77 1696 141 1764 dem
162 1698 314 1782 opinione
336 1696 577 1763 concedendurn
593 1702 651 1762 ιιι.
681 1695 747 1763 Sed
767 1695 844 1764 item
867 1695 1108 1762 concedendum
1131 1704 1188 1780 est,

76 1796 235 1861 verborum
257 1796 291 1860 in
313 1819 376 1861 -ιιι
399 1802 431 1861 ιι
452 1818 517 1859 -οω
540 1794 668 1860 ιοιιιιι
691 1818 706 1859 ι
730 1800 762 1860 ιι
787 1817 804 1858 ο
834 1801 910 1860 ante
939 1794 1189 1860 contractionem

77 1901 229 1978 correptas
252 1912 324 1960 esse
345 1927 387 1938 —-
409 1887 503 1958 aliter
526 1892 609 1958 enim
632 1911 698 1956 non
720 1891 866 1976 φιλεῖτε,
890 1891 947 1958 sed
971 1891 1102 1978 φιιῆιι,
1124 1913 1189 1958 non

78 1988 267 2074 ιοιιοῦμεν,
290 1989 349 2056 sed
373 1989 543 2071 δουλώμεν
566 1989 764 2056 exstitissent
784 2025 835 2051 -.
880 1989 953 2055 Jam
976 2009 1017 2054 ex
1039 1991 1190 2074 analogia

76 2088 323 2155 concludendum
346 2094 404 2169 est,
428 2088 598 2154 verborum
619 2087 653 2152 in
675 2110 742 2150 -αω
765 2105 890 2170 quoque
907 2111 938 2168 ο,
960 2086 1070 2153 termis
1093 2087 1189 2154 etiam

75 2183 214 2268 integris,
254 2191 432 2268 correptam
460 2185 567 2278 tuisse.
622 2185 665 2250 Αι
698 2184 779 2250 haec
807 2184 967 2250 conclusio
997 2186 1189 2252 necessitate

77 2289 163 2348 caret.
215 2282 381 2348 Concedo:
418 2282 477 2348 sed
510 2281 629 2348 formas
656 2281 790 2347 traditas
819 2286 1008 2366 spectemus.
1054 2283 1189 2350 Formae

75 2381 274 2446 assimulatae
297 2399 407 2446 ornnes
430 2380 605 2446 secundum
627 2381 716 2445 illam
732 2379 925 2446 sententiam
941 2385 1030 2444 ortae
1052 2387 1127 2446 sunt
1148 2400 1189 2447 ex
1225 2461 1227 2466 Ι

77 2476 117 2542 ιιι
137 2477 246 2544 formis
267 2479 409 2560 integris,
434 2498 567 2560 quarum
588 2478 675 2561 prior
696 2477 818 2541 vocalis
840 2475 995 2559 producta
1017 2476 1066 2542 sit.
1111 2478 1189 2562 Spe-

75 2580 187 2641 ctemus
209 2577 307 2659 igitur
329 2576 447 2642 lormas
468 2575 619 2657 integras.
664 2576 714 2640 Ex
737 2577 774 2638 21
799 2572 906 2639 verbis
928 2573 962 2638 in
991 2597 1075 2656 -om,
1114 2595 1190 2657 quo-

74 2689 136 2736 rum
165 2677 205 2739 35
235 2673 357 2740 formae
386 2673 529 2756 integrae
562 2672 768 2737 inveniuntur
796 2672 830 2735 in
864 2670 949 2736 hom.
983 2690 1090 2754 carm,
1128 2673 1190 2740 tria

75 2774 191 2835 tantum
213 2777 297 2853 suut,
322 2789 404 2853 quae
428 2794 449 2833 α
472 2769 659 2854 productam
682 2775 810 2834 servent
817 2767 967 2851 ,quippe
991 2788 1073 2850 quae
1095 2771 1190 2838 aliter

75 2865 102 2929 ιιι
129 2887 257 2934 versum
285 2819 445 2934 ιιιιοιιιιιιι
473 2888 538 2932 non
568 2866 741 2949 quadrent:
778 2861 917 2947 ἄνοιμαιι
919 2889 1003 2943 ιαοι,
1041 2861 1188 2951 ιιιψοΐιιν,

75 2954 218 3030 πεινάων
242 2954 454 3043 (πεινάοντα,
477 2971 573 3040 aas).
617 2963 753 3046 Reliqua
775 2963 883 3030 omnia
906 2987 927 3027 α
950 2963 1179 3048 corripiunt,v

75 3061 132 3126 tab.
155 3064 183 3128 A
213 3065 237 3128 I.
284 3065 334 3128 Ex
370 3083 431 3146 quo
469 3082 539 3127 cum
575 3062 817 3144 intellegamus,
855 3085 876 3124 ο
909 3069 1086 3146 correptam
1119 3081 1189 3130 esse

75 3161 232 3226 vocalibus
254 3159 397 3226 nondum
420 3166 508 3225 muta
489 3161 565 3242 atis,
600 3154 766 3244 ὁρόωντο,
795 3157 945 3264 νοόῳμιν
975 3178 1015 3224 ex
1038 3155 1189 3246 ὃρώοντα

75 3247 262 3343 (bosowa),
293 3256 436 3341 γοώοιεν
468 3247 632 3342 (γοάοιεν)
662 3256 729 3323 fieri
758 3240 900 3341 potuisse
925 3255 1109 3339 negandum
1131 3265 1189 3322 est.

76 3353 150 3418 Nam
171 3355 206 3420 id
229 3357 350 3439 protect
352 3356 534 3420 oanimnm
556 3355 708 3421 inducere
729 3375 794 3420 non
817 3373 999 3438 possumus,
1034 3353 1187 3436 linguam,

75 3458 237 3535 postquam
265 3471 306 3518 ex
333 3453 462 3519 fastidio
492 3452 631 3535 quodam
659 3453 817 3518 vocalium
846 3450 1100 3517 concurrentium
1134 3471 1189 3517 cas

75 3545 151 3613 inter
178 3569 214 3616 se
235 3550 446 3631 assimulavit,
480 3539 576 3634 juxta
602 3550 661 3616 has
689 3549 807 3615 formas
836 3549 932 3615 etiam
960 3549 1103 3630 integras
1126 3568 1189 3615 ser·

75 3663 163 3712 vassa
195 3667 367 3731 earumque
397 3651 423 3708 οἳ
445 3650 575 3731 longam
607 3647 782 3731 posteriore
813 3653 956 3730 tempore
988 3645 1188 3730 corripuisse.

76 3741 135 3809 Sed
171 3747 238 3810 alia
273 3745 407 3811 forsitan
443 3744 497 3810 via
532 3739 614 3810 hant
649 3743 867 3810 difficultatem
900 3745 1060 3810 tollemus.
1105 3744 1190 3812 Fieri

76 3840 155 3906 enim
176 3843 293 3926 potuit,
328 3850 362 3908 ut
383 3842 485 3908 torma
506 3841 641 3926 pristina
664 3829 810 3925 5p5ovrc
833 3841 946 3907 eodem
969 3847 1112 3925 tempore
1134 3852 1189 3908 aut

77 3939 243 4006 secundum
279 3941 424 4024 regulam
460 3940 604 4022 „vocalis
639 3947 715 4005 ante
751 3939 894 4004 vocalem
931 3939 1118 4023 cor1·ipitur“
1154 3941 1188 4004 in

78 4027 233 4121 ὃροιοντα,
271 4045 326 4103 ιιι
347 4036 596 4120 transpositione
617 4036 803 4120 quantitatis
840 4073 882 4084 —
917 4042 952 4102 ut
980 4036 1060 4103 haec
1087 4043 1188 4104 trans-
