2958 4868
254 445 315 508 104
761 447 784 501 F
785 447 874 504 rinch

251 619 443 688 accusativis
464 618 499 684 in
520 641 596 694 -νος
618 627 650 686 et
671 625 747 684 -νον
768 621 872 686 altera
894 642 912 682 ο
935 619 1017 685 elisa
1038 625 1103 696 est,
1127 638 1192 700 qua
1214 617 1254 684 de
1276 618 1392 702 hyph-

251 718 355 786 aeresi
388 717 474 804 idern
509 716 706 784 censendum
740 723 789 783 est
822 716 909 800 qnod
945 715 986 784 de
1013 717 1197 782 nominibus
1227 717 1261 782 in
1293 722 1392 794 -θος

251 837 309 900 pro
339 820 453 892 -θοος,
499 814 565 881 Sed
593 835 673 882 cave
702 817 897 900 permisceas
924 813 1057 881 nomina
1085 814 1243 897 simplicia
1261 814 1297 880 in
1324 838 1392 892 νος

252 933 324 980 cum
347 912 532 996 compositis
553 913 589 978 in
617 937 709 991 νοος,
745 913 835 996 cnjus
863 913 979 978 erroris
1007 919 1117 992 auctor
1146 917 1195 978 est
1215 913 1392 978 Ruhnken

250 1013 285 1078 in
312 1012 386 1078 hist.
417 1017 508 1076 oratt.
536 1031 567 1095 p.
594 1015 664 1076 127.
708 1011 789 1076 Eum
818 1016 947 1075 secutus
975 1009 1150 1076 Buttmann
1186 1009 1307 1092 (,‚Ausl.
1336 1031 1391 1094 gr.

251 1109 488 1194 Sprachlehre“
511 1109 536 1190 Ι,
556 1113 627 1178 1565
650 1108 732 1174 haec
746 1107 872 1173 docuit:
894 1107 981 1189 „Die
994 1107 1286 1190 Eigennamenaui
1298 1131 1392 1185 νοος

250 1207 404 1274 kommen
426 1206 523 1272 thcils
544 1207 578 1272 in
600 1206 687 1271 ihrer
700 1205 952 1288 rogclnassigen
968 1205 1095 1271 Gestalt
1117 1225 1184 1285 ror,
1207 1227 1233 1270 z.
1247 1205 1283 1270 B.
1301 1201 1393 1270 Άλ-

252 1309 366 1381 κίνοος
391 1351 398 1366 .
422 1353 429 1368 .
453 1353 471 1382 .,
495 1304 593 1370 theiis
615 1305 694 1369 aber
715 1303 798 1368 auch
821 1303 877 1368 auf
898 1325 944 1384 ος,
968 1303 1079 1368 waher
1101 1303 1154 1369 die
1169 1303 1393 1386 Eigentlrtim-

250 1401 388 1468 lichkcit
410 1401 535 1484 cinnat,
567 1401 642 1468 dass
665 1401 755 1467 diese
776 1401 988 1484 Verkllrcung
1010 1401 1110 1466 durch
1134 1401 1393 1488 Veriangerung

252 1500 310 1566 des
339 1501 464 1564 knraen
494 1523 506 1563 ι
529 1498 647 1564 odero
676 1500 711 1564 in
741 1497 798 1564 der
823 1498 1112 1581 vorhergehenden
1140 1499 1230 1566 Silbc
1258 1507 1392 1568 ersetzt

251 1596 357 1688 ward,
386 1617 412 1661 z.
435 1596 474 1660 B.
503 1601 671 1674 Παοῖνος,
700 1601 884 1680 Κρατῖνος,
914 1593 1103 1674 Εὐθῦνος.“
1151 1597 1392 1664 ascenduntur

251 1695 326 1760 Pott
345 1694 380 1758 in
403 1693 465 1774 „K
483 1693 540 1758 Z.“
563 1693 616 1774 VI,
634 1698 704 1775 241,
728 1694 863 1760 Kthner
877 1695 911 1760 in
932 1714 979 1776 gr.
994 1714 1040 1777 gr.
1055 1716 1087 1778 p.
1104 1697 1176 1776 314,
1194 1701 1223 1772 5,
1245 1693 1390 1764 Meister

251 1793 285 1857 in
301 1791 391 1858 Stud.
406 1791 461 1873 IV,
478 1795 551 1858 388.
588 1791 679 1870 Quae
693 1793 864 1872 sententia,
888 1811 1081 1874 quamquam
1092 1791 1162 1874 jam
1177 1813 1198 1857 a
1212 1792 1389 1860 Lobeckio

251 1887 490 1956 accuratissime
503 1889 643 1955 refutata
665 1897 722 1970 est,
746 1889 843 1954 miror
858 1889 943 1972 qnod
964 1909 1091 1972 semper
1112 1889 1216 1956 denuo
1237 1890 1389 1974 profera-

250 1994 312 2052 tur.
348 1986 481 2052 Lobeck
496 1988 581 2052 enim
605 1987 712 2070 (proli.
727 1990 800 2064 203)
822 1986 1063 2064 demonstravit,
1085 1987 1218 2052 nomina
1231 1989 1264 2053 in
1286 1999 1388 2068 -ῑνος

252 2102 324 2150 esse
347 2083 520 2168 simplicia,
549 2105 614 2150 non
644 2086 821 2168 composita
847 2105 919 2150 oum
941 2090 1036 2162 νοῦς;
1074 2105 1148 2148 nam
1171 2086 1283 2152 crebra
1305 2106 1388 2156 esse

251 2186 438 2248 attenuatae
458 2181 592 2247 ultimae
606 2183 755 2266 syllabae
769 2183 930 2266 exempla,
952 2182 988 2246 in
1002 2181 1093 2246 nullo
1108 2189 1215 2250 autem
1230 2185 1385 2252 vocalem

251 2278 497 2346 antecedentem
530 2279 720 2362 productam
752 2299 921 2364 apparere.
974 2278 1132 2360 Equidem
1165 2301 1237 2346 cnm
1270 2281 1383 2350 denuc

251 2395 447 2461 quaererem,
464 2395 622 2458 quaenam
637 2378 769 2442 nomina
784 2386 815 2444 et
827 2378 863 2443 in
879 2400 981 2455 ινοος,
995 2399 1094 2453 ονοος
1109 2382 1141 2442 et
1155 2379 1189 2443 in
1201 2402 1282 2456 ινος,
1298 2385 1382 2459 υνος

251 2481 431 2555 exstarent,
466 2476 616 2558 exempla
638 2495 658 2540 a
680 2475 854 2542 Benselero
877 2474 1069 2556 (‚‚Wdrtcrb.
1093 2473 1124 2540 d.
1147 2495 1194 2558 gr.
1217 2476 1382 2558 Eigenn.“

250 2593 282 2656 p.
305 2571 400 2647 XXI)
423 2571 558 2636 collecta
579 2572 660 2638 haec
682 2580 831 2655 quattuor
851 2571 978 2638 inveni:
1011 2568 1189 2649 Εὐθύνοος
1212 2581 1244 2638 et
1262 2572 1380 2640 Εὔθυ-

251 2693 318 2746 νος,
339 2664 537 2754 Ἡγησίνους
560 2677 592 2736 et
603 2665 790 2756 Ἡγησῑνος,
814 2669 999 2746 Καλλίνοος
1018 2675 1051 2734 et
1066 2669 1242 2748 Καλλῖνος,
1264 2677 1380 2738 Πασί-

251 2789 329 2842 νονς
352 2769 568 2843 attractam.
613 2766 811 2846 Quaeramus
832 2767 938 2850 igitur,
962 2787 1039 2831 num
1064 2768 1098 2832 in
1122 2768 1171 2834 his
1193 2770 1379 2836 nominibus

250 2862 427 2929 deminutio
463 2864 696 2932 terminationis
725 2865 970 2932 antecedentem
998 2865 1144 2938 voedem
1177 2865 1377 2949 produxerit.

249 2960 391 3028 Primum
419 2955 576 3036 Εὖθῦνος
610 2983 685 3026 num
714 2982 829 3029 revera
857 2963 1014 3030 exstiterit
1042 2963 1173 3028 dubium
1202 2972 1266 3043 est,
1304 2985 1375 3029 cum

251 3059 292 3124 de
315 3053 527 3141 quantitates
549 3060 670 3125 vocalis
691 3061 771 3125 nihil
793 3067 931 3142 constet3
954 3081 1019 3125 non
1043 3061 1127 3126 enim
1149 3061 1268 3144 legitur
1287 3063 1376 3146 apud

250 3163 364 3240 poetas
385 3154 446 3220 nisi
469 3156 502 3219 in
524 3157 668 3222 versibus
692 3159 882 3223 comicorum
905 3158 947 3223 ab
969 3158 1087 3224 Athen.
1111 3162 1140 3240 8,
1164 3162 1226 3224 342
1250 3179 1268 3224 e
1290 3167 1320 3225 et
1343 3163 1373 3241 9,

250 3257 312 3319 379
335 3273 353 3319 e
375 3251 500 3332 allatis,
523 3253 578 3318 ubi
600 3279 618 3318 ο
641 3256 780 3337 vocalis,
803 3275 873 3320 cum
896 3261 1031 3338 unoque
1051 3256 1123 3321 loco
1145 3256 1239 3322 initio
1260 3257 1374 3322 tertiae

249 3351 384 3417 trimetri
398 3349 526 3416 iambici
542 3351 694 3434 dipodiae
716 3355 841 3436 legatur
864 3348 1032 3430 (Εὔθυνος
1048 3349 1082 3416 δ’
1100 3351 1193 3434 ἔχων,
1217 3351 1372 3430 Εὔθυνος

251 3451 387 3534 φακῆν),
409 3453 512 3512 utrum
529 3447 635 3526 breuis
651 3471 693 3514 an
715 3451 814 3534 longa
835 3450 939 3530 fuerit,
961 3451 1116 3516 incertum
1131 3457 1189 3516 est.
1227 3451 1368 3518 Ceterum

249 3541 406 3636 Εὕθονος
428 3565 541 3612 revera
563 3553 741 3632 correptum
765 3567 836 3616 esse
850 3548 977 3614 videtur
999 3567 1040 3614 ex
1054 3545 1241 3625 Εὐθύνοος.
1275 3544 1368 3632 Ἡγη-

231 3653 345 3719 ·σῖνος
374 3649 480 3708 autem
510 3650 542 3710 et
564 3640 763 3732 Ἡγησίνους
790 3667 856 3711 non
885 3644 1022 3711 eundem
1050 3646 1151 3710 virum
1181 3645 1364 3729 significant,

250 3739 331 3806 nihil
352 3739 448 3822 igitur
474 3761 534 3806 nos
562 3741 712 3830 impedit,
742 3745 910 3826 quominus
938 3742 1098 3808 diversam
1126 3743 1285 3826 utriusque
1310 3761 1363 3805 no-

249 3837 346 3902 minIs
375 3837 529 3918 originem
558 3837 655 3906 luisse
685 3861 881 3907 censeamus.
937 3840 1040 3906 Aliter
1068 3861 1119 3906 res
1145 3860 1181 3906 se
1207 3841 1299 3906 habet
1325 3837 1360 3900 in

249 3935 343 4000 tertio
365 3935 509 4000 nomine:
533 3937 746 4004 Terentianus
769 3935 854 4004 enim
877 3939 1011 4020 elegiaci
1027 3937 1176 4004 carminis
1198 3944 1357 4009 auctorem,

250 4031 304 4114 qui
333 4032 375 4097 ab
403 4033 476 4100 aliis
504 4053 629 4118 semper
651 4036 816 4112 Καλλῖνος
844 4036 1043 4119 appellatur,
1080 4033 1248 4100 Callinoum
1271 4033 1355 4099 vocat
