<?xml version="1.0" encoding="UTF-8"?>
<!DOCTYPE html PUBLIC "-//W3C//DTD XHTML 1.0 Transitional//EN"
    "http://www.w3.org/TR/xhtml1/DTD/xhtml1-transitional.dtd">
<html xmlns="http://www.w3.org/1999/xhtml" xml:lang="en" lang="en">
 <head>
  <title>
</title>
<meta http-equiv="Content-Type" content="text/html;charset=utf-8" />
  <meta name='ocr-system' content='tesseract 3.04.00' />
  <meta name='ocr-capabilities' content='ocr_page ocr_carea ocr_par ocr_line ocrx_word'/>
</head>
<body>
  <div class='ocr_page' id='page_1' title='image "./studienzurgriec02vanigoog_0081.png"; bbox 0 0 3020 4866; ppageno 0'>
   <div class='ocr_carea' id='block_1_1' title="bbox 374 371 1375 444">
    <p class='ocr_par' dir='ltr' id='par_1_1' title="bbox 374 371 1375 444">
     <span class='ocr_line' id='line_1_1' title="bbox 374 371 1375 444; baseline 0.005 -17"><span class='ocrx_word' id='word_1_1' title='bbox 374 371 415 428; x_wconf 88' lang='lat' dir='ltr'><strong>Dc</strong></span> <span class='ocrx_word' id='word_1_2' title='bbox 432 371 557 428; x_wconf 87' lang='lat' dir='ltr'><strong>infinitivi</strong></span> <span class='ocrx_word' id='word_1_3' title='bbox 573 378 723 444; x_wconf 83' lang='lat' dir='ltr'><strong>temporum</strong></span> <span class='ocrx_word' id='word_1_4' title='bbox 740 389 792 429; x_wconf 82' lang='lat' dir='ltr'><strong>usu</strong></span> <span class='ocrx_word' id='word_1_5' title='bbox 810 372 992 444; x_wconf 84' lang='lat' dir='ltr'>Thucydideo.</span> <span class='ocrx_word' id='word_1_6' title='bbox 1206 371 1245 432; x_wconf 84' lang='lat'><strong>71</strong></span> <span class='ocrx_word' id='word_1_7' title='bbox 1368 403 1375 410; x_wconf 90' lang='lat'><em>-</em></span> 
     </span>
    </p>
   </div>
   <div class='ocr_carea' id='block_1_2' title="bbox 121 541 1248 2186">
    <p class='ocr_par' dir='ltr' id='par_1_2' title="bbox 121 541 1248 2186">
     <span class='ocr_line' id='line_1_2' title="bbox 122 541 1247 630; baseline 0.004 -22"><span class='ocrx_word' id='word_1_8' title='bbox 122 541 270 610; x_wconf 86' lang='lat' dir='ltr'><strong>firmatur</strong></span> <span class='ocrx_word' id='word_1_9' title='bbox 290 544 615 630; x_wconf 73' lang='lat' dir='ltr'><strong>pervestigationibus</strong></span> <span class='ocrx_word' id='word_1_10' title='bbox 643 545 866 629; x_wconf 79' lang='lat' dir='ltr'><strong>etymologicis</strong></span> <span class='ocrx_word' id='word_1_11' title='bbox 887 543 1001 628; x_wconf 73' lang='lat' dir='ltr'><strong>Curtii,</strong></span> <span class='ocrx_word' id='word_1_12' title='bbox 1030 544 1084 628; x_wconf 90' lang='lat' dir='ltr'><strong>qui</strong></span> <span class='ocrx_word' id='word_1_13' title='bbox 1105 541 1247 612; x_wconf 87' lang='lat' dir='ltr'><strong>radicem</strong></span> 
     </span>
     <span class='ocr_line' id='line_1_3' title="bbox 123 639 1247 726; baseline 0.004 -21"><span class='ocrx_word' id='word_1_14' title='bbox 123 640 214 706; x_wconf 74' lang='lat' dir='ltr'><strong>seira</strong></span> <span class='ocrx_word' id='word_1_15' title='bbox 235 639 278 708; x_wconf 90' lang='lat' dir='ltr'><strong>ad</strong></span> <span class='ocrx_word' id='word_1_16' title='bbox 300 641 476 725; x_wconf 81' lang='grc' dir='ltr'><strong><em>βούλομαι,</em></strong></span> <span class='ocrx_word' id='word_1_17' title='bbox 504 642 606 708; x_wconf 89' lang='lat' dir='ltr'><strong>latine</strong></span> <span class='ocrx_word' id='word_1_18' title='bbox 633 642 716 720; x_wconf 85' lang='lat' dir='ltr'><strong>volo,</strong></span> <span class='ocrx_word' id='word_1_19' title='bbox 744 643 852 726; x_wconf 88' lang='lat' dir='ltr'><strong>volup,</strong></span> <span class='ocrx_word' id='word_1_20' title='bbox 883 641 1042 726; x_wconf 84' lang='lat' dir='ltr'><strong>pertinere</strong></span> <span class='ocrx_word' id='word_1_21' title='bbox 1071 641 1163 708; x_wconf 88' lang='lat' dir='ltr'><strong>docet</strong></span> <span class='ocrx_word' id='word_1_22' title='bbox 1193 639 1247 725; x_wconf 83' lang='lat' dir='ltr'><strong>(ci.</strong></span> 
     </span>
     <span class='ocr_line' id='line_1_4' title="bbox 124 737 1248 824; baseline 0.001 -20"><span class='ocrx_word' id='word_1_23' title='bbox 124 738 321 822; x_wconf 75' lang='lat' dir='ltr'><strong>Grundallge</strong></span> <span class='ocrx_word' id='word_1_24' title='bbox 343 739 374 804; x_wconf 88' lang='lat' dir='ltr'><strong>d.</strong></span> <span class='ocrx_word' id='word_1_25' title='bbox 397 761 443 823; x_wconf 78' lang='lat' dir='ltr'><strong>gr.</strong></span> <span class='ocrx_word' id='word_1_26' title='bbox 466 741 517 806; x_wconf 83' lang='lat' dir='ltr'><strong>m.</strong></span> <span class='ocrx_word' id='word_1_27' title='bbox 547 739 598 806; x_wconf 91' lang='lat' dir='ltr'><strong>ed.</strong></span> <span class='ocrx_word' id='word_1_28' title='bbox 622 743 640 805; x_wconf 86' lang='lat'><strong>3</strong></span> <span class='ocrx_word' id='word_1_29' title='bbox 669 759 743 823; x_wconf 82' lang='lat' dir='ltr'><strong>pag.</strong></span> <span class='ocrx_word' id='word_1_30' title='bbox 766 742 828 805; x_wconf 81' lang='grc'><strong>248</strong></span> <span class='ocrx_word' id='word_1_31' title='bbox 857 745 889 804; x_wconf 89' lang='lat' dir='ltr'><strong>et</strong></span> <span class='ocrx_word' id='word_1_32' title='bbox 916 737 983 824; x_wconf 83' lang='lat'><strong>61).</strong></span> <span class='ocrx_word' id='word_1_33' title='bbox 1034 739 1123 805; x_wconf 88' lang='lat' dir='ltr'><strong>Nihil</strong></span> <span class='ocrx_word' id='word_1_34' title='bbox 1151 741 1248 822; x_wconf 86' lang='lat' dir='ltr'><strong>igitur</strong></span> 
     </span>
     <span class='ocr_line' id='line_1_5' title="bbox 124 835 1246 920; baseline 0 -18"><span class='ocrx_word' id='word_1_35' title='bbox 124 836 251 916; x_wconf 88' lang='lat' dir='ltr'><strong>mirum,</strong></span> <span class='ocrx_word' id='word_1_36' title='bbox 274 837 359 920; x_wconf 89' lang='lat' dir='ltr'><strong>quod</strong></span> <span class='ocrx_word' id='word_1_37' title='bbox 380 835 466 903; x_wconf 87' lang='lat' dir='ltr'><strong>idem</strong></span> <span class='ocrx_word' id='word_1_38' title='bbox 489 837 621 902; x_wconf 86' lang='lat' dir='ltr'><strong>verbum</strong></span> <span class='ocrx_word' id='word_1_39' title='bbox 644 844 710 901; x_wconf 90' lang='lat' dir='ltr'><strong>tum</strong></span> <span class='ocrx_word' id='word_1_40' title='bbox 733 836 869 920; x_wconf 76' lang='lat' dir='ltr'><strong>simplici</strong></span> <span class='ocrx_word' id='word_1_41' title='bbox 890 835 1048 902; x_wconf 90' lang='lat' dir='ltr'><strong>infinitivo</strong></span> <span class='ocrx_word' id='word_1_42' title='bbox 1069 855 1103 902; x_wconf 91' lang='lat' dir='ltr'><strong>se</strong></span> <span class='ocrx_word' id='word_1_43' title='bbox 1118 837 1246 904; x_wconf 84' lang='lat' dir='ltr'><strong>annecti</strong></span> 
     </span>
     <span class='ocr_line' id='line_1_6' title="bbox 123 932 1246 1018; baseline -0.002 -18"><span class='ocrx_word' id='word_1_44' title='bbox 123 933 256 1018; x_wconf 85' lang='lat' dir='ltr'><strong>patitur,</strong></span> <span class='ocrx_word' id='word_1_45' title='bbox 271 940 338 1000; x_wconf 88' lang='lat' dir='ltr'><strong>tum</strong></span> <span class='ocrx_word' id='word_1_46' title='bbox 353 935 535 1018; x_wconf 88' lang='lat' dir='ltr'><strong>accusativo</strong></span> <span class='ocrx_word' id='word_1_47' title='bbox 550 953 576 998; x_wconf 90' lang='lat' dir='ltr'><strong>c.</strong></span> <span class='ocrx_word' id='word_1_48' title='bbox 592 934 648 1000; x_wconf 84' lang='lat' dir='ltr'><strong>inl.</strong></span> <span class='ocrx_word' id='word_1_49' title='bbox 664 933 859 1017; x_wconf 77' lang='lat' dir='ltr'><strong>adjungitur,</strong></span> <span class='ocrx_word' id='word_1_50' title='bbox 881 933 928 999; x_wconf 91' lang='lat' dir='ltr'><strong>ita</strong></span> <span class='ocrx_word' id='word_1_51' title='bbox 943 943 977 1000; x_wconf 89' lang='lat' dir='ltr'><strong>ut</strong></span> <span class='ocrx_word' id='word_1_52' title='bbox 991 932 1117 1014; x_wconf 79' lang='grc' dir='ltr'><em>ἐλπίζω</em></span> <span class='ocrx_word' id='word_1_53' title='bbox 1132 944 1246 999; x_wconf 79' lang='grc' dir='ltr'><strong><em>ποιεῖν</em></strong></span> 
     </span>
     <span class='ocr_line' id='line_1_7' title="bbox 123 1027 1247 1118; baseline 0 -22"><span class='ocrx_word' id='word_1_54' title='bbox 123 1033 179 1100; x_wconf 86' lang='lat' dir='ltr'><strong>vel</strong></span> <span class='ocrx_word' id='word_1_55' title='bbox 208 1037 353 1118; x_wconf 84' lang='grc' dir='ltr'><strong><em>ποιῆσαι</em></strong></span> <span class='ocrx_word' id='word_1_56' title='bbox 381 1033 423 1098; x_wconf 87' lang='lat' dir='ltr'><strong>ab</strong></span> <span class='ocrx_word' id='word_1_57' title='bbox 452 1030 577 1111; x_wconf 78' lang='grc' dir='ltr'><em>ἐλπίζω</em></span> <span class='ocrx_word' id='word_1_58' title='bbox 612 1029 769 1115; x_wconf 77' lang='grc' dir='ltr'><strong><em>ποιήσειν</em></strong></span> <span class='ocrx_word' id='word_1_59' title='bbox 804 1033 856 1098; x_wconf 86' lang='lat' dir='ltr'><strong>vel</strong></span> <span class='ocrx_word' id='word_1_60' title='bbox 884 1037 1031 1118; x_wconf 81' lang='grc' dir='ltr'><strong><em>ποιῆσαι</em></strong></span> <span class='ocrx_word' id='word_1_61' title='bbox 1059 1027 1099 1096; x_wconf 78' lang='lat' dir='ltr'><strong>&lt;lv</strong></span> <span class='ocrx_word' id='word_1_62' title='bbox 1128 1031 1247 1116; x_wconf 86' lang='lat' dir='ltr'><strong>pariter</strong></span> 
     </span>
     <span class='ocr_line' id='line_1_8' title="bbox 124 1127 1245 1212; baseline -0.001 -18"><span class='ocrx_word' id='word_1_63' title='bbox 124 1127 254 1195; x_wconf 77' lang='lat' dir='ltr'><strong>diderat</strong></span> <span class='ocrx_word' id='word_1_64' title='bbox 275 1135 371 1212; x_wconf 90' lang='lat' dir='ltr'><strong>atque</strong></span> <span class='ocrx_word' id='word_1_65' title='bbox 392 1129 426 1195; x_wconf 90' lang='lat' dir='ltr'><strong>in</strong></span> <span class='ocrx_word' id='word_1_66' title='bbox 448 1135 556 1200; x_wconf 80' lang='lat' dir='ltr'><strong>nostro</strong></span> <span class='ocrx_word' id='word_1_67' title='bbox 582 1147 742 1194; x_wconf 90' lang='lat' dir='ltr'><strong>sermone:</strong></span> <span class='ocrx_word' id='word_1_68' title='bbox 780 1128 831 1194; x_wconf 89' lang='lat' dir='ltr'><strong>ich</strong></span> <span class='ocrx_word' id='word_1_69' title='bbox 855 1127 940 1194; x_wconf 85' lang='lat' dir='ltr'><strong>hoffe</strong></span> <span class='ocrx_word' id='word_1_70' title='bbox 963 1149 997 1196; x_wconf 90' lang='lat' dir='ltr'><strong>es</strong></span> <span class='ocrx_word' id='word_1_71' title='bbox 1018 1150 1057 1196; x_wconf 84' lang='lat' dir='ltr'><strong>au</strong></span> <span class='ocrx_word' id='word_1_72' title='bbox 1078 1128 1173 1211; x_wconf 87' lang='lat' dir='ltr'><strong>than,</strong></span> <span class='ocrx_word' id='word_1_73' title='bbox 1204 1127 1245 1193; x_wconf 90' lang='lat' dir='ltr'><strong>ab</strong></span> 
     </span>
     <span class='ocr_line' id='line_1_9' title="bbox 123 1225 1247 1310; baseline 0.001 -19"><span class='ocrx_word' id='word_1_74' title='bbox 123 1226 176 1292; x_wconf 88' lang='lat' dir='ltr'><strong>ioh</strong></span> <span class='ocrx_word' id='word_1_75' title='bbox 200 1226 295 1308; x_wconf 88' lang='lat' dir='ltr'><strong>huffe,</strong></span> <span class='ocrx_word' id='word_1_76' title='bbox 318 1227 369 1294; x_wconf 92' lang='lat' dir='ltr'><strong>ich</strong></span> <span class='ocrx_word' id='word_1_77' title='bbox 385 1226 493 1293; x_wconf 85' lang='lat' dir='ltr'><strong>werde</strong></span> <span class='ocrx_word' id='word_1_78' title='bbox 508 1245 543 1292; x_wconf 89' lang='lat' dir='ltr'><strong>es</strong></span> <span class='ocrx_word' id='word_1_79' title='bbox 563 1225 658 1292; x_wconf 90' lang='lat' dir='ltr'><strong>thun:</strong></span> <span class='ocrx_word' id='word_1_80' title='bbox 682 1225 708 1291; x_wconf 89' lang='lat' dir='ltr'><strong>si</strong></span> <span class='ocrx_word' id='word_1_81' title='bbox 726 1225 808 1290; x_wconf 93' lang='lat' dir='ltr'><strong>illud</strong></span> <span class='ocrx_word' id='word_1_82' title='bbox 823 1228 1037 1310; x_wconf 82' lang='lat' dir='ltr'><strong>usurpaveris,</strong></span> <span class='ocrx_word' id='word_1_83' title='bbox 1061 1226 1104 1292; x_wconf 90' lang='lat' dir='ltr'><strong>ad</strong></span> <span class='ocrx_word' id='word_1_84' title='bbox 1118 1227 1247 1310; x_wconf 87' lang='lat' dir='ltr'><strong>cupian-</strong></span> 
     </span>
     <span class='ocr_line' id='line_1_10' title="bbox 125 1322 1246 1410; baseline 0.003 -22"><span class='ocrx_word' id='word_1_85' title='bbox 125 1323 201 1390; x_wconf 89' lang='lat' dir='ltr'><strong>dum</strong></span> <span class='ocrx_word' id='word_1_86' title='bbox 224 1325 328 1407; x_wconf 78' lang='lat' dir='ltr'><strong>magis</strong></span> <span class='ocrx_word' id='word_1_87' title='bbox 349 1331 485 1408; x_wconf 85' lang='lat' dir='ltr'><strong>spectas,</strong></span> <span class='ocrx_word' id='word_1_88' title='bbox 514 1323 563 1390; x_wconf 85' lang='lat' dir='ltr'><strong>sin</strong></span> <span class='ocrx_word' id='word_1_89' title='bbox 585 1323 655 1410; x_wconf 82' lang='lat' dir='ltr'><strong>hoc,</strong></span> <span class='ocrx_word' id='word_1_90' title='bbox 684 1322 819 1406; x_wconf 88' lang='lat' dir='ltr'><strong>putandi</strong></span> <span class='ocrx_word' id='word_1_91' title='bbox 840 1323 1002 1390; x_wconf 91' lang='lat' dir='ltr'><strong>notionem</strong></span> <span class='ocrx_word' id='word_1_92' title='bbox 1025 1324 1131 1391; x_wconf 80' lang='lat' dir='ltr'><strong>affers.</strong></span> <span class='ocrx_word' id='word_1_93' title='bbox 1175 1323 1246 1404; x_wconf 80' lang='lat' dir='ltr'><strong>Qua</strong></span> 
     </span>
     <span class='ocr_line' id='line_1_11' title="bbox 125 1419 1246 1505; baseline 0.001 -18"><span class='ocrx_word' id='word_1_94' title='bbox 125 1421 345 1504; x_wconf 77' lang='lat' dir='ltr'><strong>explicatione</strong></span> <span class='ocrx_word' id='word_1_95' title='bbox 367 1422 519 1505; x_wconf 88' lang='lat' dir='ltr'><strong>probata,</strong></span> <span class='ocrx_word' id='word_1_96' title='bbox 552 1441 618 1486; x_wconf 89' lang='lat' dir='ltr'><strong>non</strong></span> <span class='ocrx_word' id='word_1_97' title='bbox 647 1440 726 1504; x_wconf 89' lang='lat' dir='ltr'><strong>opus</strong></span> <span class='ocrx_word' id='word_1_98' title='bbox 755 1419 814 1486; x_wconf 91' lang='lat' dir='ltr'><strong>erit</strong></span> <span class='ocrx_word' id='word_1_99' title='bbox 835 1420 995 1486; x_wconf 89' lang='lat' dir='ltr'><strong>variorum</strong></span> <span class='ocrx_word' id='word_1_100' title='bbox 1018 1419 1246 1488; x_wconf 87' lang='lat' dir='ltr'><strong>infinitivomm</strong></span> 
     </span>
     <span class='ocr_line' id='line_1_12' title="bbox 124 1517 1247 1604; baseline 0.002 -20"><span class='ocrx_word' id='word_1_101' title='bbox 124 1517 311 1584; x_wconf 85' lang='lat' dir='ltr'><strong>discrimina</strong></span> <span class='ocrx_word' id='word_1_102' title='bbox 332 1519 455 1584; x_wconf 89' lang='lat' dir='ltr'><strong>minuta</strong></span> <span class='ocrx_word' id='word_1_103' title='bbox 476 1518 653 1584; x_wconf 82' lang='lat' dir='ltr'><strong>subtilitate</strong></span> <span class='ocrx_word' id='word_1_104' title='bbox 674 1518 874 1602; x_wconf 87' lang='lat' dir='ltr'><strong>perquirere,</strong></span> <span class='ocrx_word' id='word_1_105' title='bbox 905 1519 961 1586; x_wconf 90' lang='lat' dir='ltr'><strong>sed</strong></span> <span class='ocrx_word' id='word_1_106' title='bbox 990 1520 1097 1586; x_wconf 89' lang='lat' dir='ltr'><strong>omnia</strong></span> <span class='ocrx_word' id='word_1_107' title='bbox 1118 1539 1154 1586; x_wconf 88' lang='lat' dir='ltr'><strong>se</strong></span> <span class='ocrx_word' id='word_1_108' title='bbox 1175 1519 1247 1604; x_wconf 89' lang='lat' dir='ltr'><strong>ipsa</strong></span> 
     </span>
     <span class='ocr_line' id='line_1_13' title="bbox 123 1613 1246 1700; baseline -0.002 -16"><span class='ocrx_word' id='word_1_109' title='bbox 123 1616 349 1684; x_wconf 87' lang='lat' dir='ltr'><strong>enucleabunt.</strong></span> <span class='ocrx_word' id='word_1_110' title='bbox 387 1651 428 1660; x_wconf 88' lang='lat'><em>-</em></span> <span class='ocrx_word' id='word_1_111' title='bbox 465 1615 580 1682; x_wconf 86' lang='lat' dir='ltr'><strong>Nescio</strong></span> <span class='ocrx_word' id='word_1_112' title='bbox 611 1636 654 1682; x_wconf 91' lang='lat' dir='ltr'><strong>an</strong></span> <span class='ocrx_word' id='word_1_113' title='bbox 682 1613 875 1700; x_wconf 86' lang='lat' dir='ltr'><strong>superfluum</strong></span> <span class='ocrx_word' id='word_1_114' title='bbox 902 1617 943 1682; x_wconf 87' lang='lat' dir='ltr'><strong>sit</strong></span> <span class='ocrx_word' id='word_1_115' title='bbox 971 1615 1077 1684; x_wconf 85' lang='lat' dir='ltr'><strong>dicere</strong></span> <span class='ocrx_word' id='word_1_116' title='bbox 1105 1617 1246 1682; x_wconf 90' lang='lat' dir='ltr'><strong>omnium</strong></span> 
     </span>
     <span class='ocr_line' id='line_1_14' title="bbox 125 1701 1246 1798; baseline 0.002 -20"><span class='ocrx_word' id='word_1_117' title='bbox 125 1714 297 1780; x_wconf 89' lang='lat' dir='ltr'><strong>verborum</strong></span> <span class='ocrx_word' id='word_1_118' title='bbox 320 1711 529 1798; x_wconf 89' lang='lat' dir='ltr'><strong>exspectandi</strong></span> <span class='ocrx_word' id='word_1_119' title='bbox 553 1701 725 1778; x_wconf 70' lang='lat' dir='ltr'><strong>structuris</strong></span> <span class='ocrx_word' id='word_1_120' title='bbox 747 1711 791 1778; x_wconf 92' lang='lat' dir='ltr'><strong>ad</strong></span> <span class='ocrx_word' id='word_1_121' title='bbox 808 1711 944 1779; x_wconf 86' lang='lat' dir='ltr'><strong>eandem</strong></span> <span class='ocrx_word' id='word_1_122' title='bbox 967 1714 1070 1796; x_wconf 82' lang='lat' dir='ltr'><strong>legem</strong></span> <span class='ocrx_word' id='word_1_123' title='bbox 1093 1715 1246 1798; x_wconf 86' lang='lat' dir='ltr'><strong>revocari,</strong></span> 
     </span>
     <span class='ocr_line' id='line_1_15' title="bbox 122 1805 1247 1900; baseline 0.001 -24"><span class='ocrx_word' id='word_1_124' title='bbox 122 1811 226 1876; x_wconf 87' lang='lat' dir='ltr'><strong>veluti</strong></span> <span class='ocrx_word' id='word_1_125' title='bbox 248 1807 421 1892; x_wconf 81' lang='grc' dir='ltr'><strong><em>ἀνέμεινεν</em></strong></span> <span class='ocrx_word' id='word_1_126' title='bbox 444 1805 571 1896; x_wconf 79' lang='grc' dir='ltr'><strong><em>ἡμέραν</em></strong></span> <span class='ocrx_word' id='word_1_127' title='bbox 586 1815 751 1894; x_wconf 76' lang='grc' dir='ltr'><strong><em>γενέσθαι</em></strong></span> <span class='ocrx_word' id='word_1_128' title='bbox 763 1809 817 1892; x_wconf 92' lang='lat' dir='ltr'><strong>IV,</strong></span> <span class='ocrx_word' id='word_1_129' title='bbox 838 1813 907 1892; x_wconf 85' lang='lat'><strong>135,</strong></span> <span class='ocrx_word' id='word_1_130' title='bbox 922 1813 950 1874; x_wconf 83' lang='lat'><strong>2.</strong></span> <span class='ocrx_word' id='word_1_131' title='bbox 980 1807 1126 1900; x_wconf 75' lang='grc' dir='ltr'><strong><em>ἀνάγκην</em></strong></span> <span class='ocrx_word' id='word_1_132' title='bbox 1141 1836 1247 1896; x_wconf 85' lang='grc' dir='ltr'><strong><em>προς·</em></strong></span> 
     </span>
     <span class='ocr_line' id='line_1_16' title="bbox 122 1902 1246 1996; baseline 0.001 -22"><span class='ocrx_word' id='word_1_133' title='bbox 122 1913 290 1993; x_wconf 76' lang='grc' dir='ltr'><strong><em>γενέσθαι</em></strong></span> <span class='ocrx_word' id='word_1_134' title='bbox 305 1908 360 1987; x_wconf 86' lang='lat' dir='ltr'><strong>IV,</strong></span> <span class='ocrx_word' id='word_1_135' title='bbox 380 1911 449 1986; x_wconf 83' lang='lat'><strong>120,</strong></span> <span class='ocrx_word' id='word_1_136' title='bbox 466 1913 495 1972; x_wconf 85' lang='grc'><strong>3.</strong></span> <span class='ocrx_word' id='word_1_137' title='bbox 529 1903 797 1994; x_wconf 76' lang='grc' dir='ltr'><strong><em>ἇπρσςόσκήτσις</em></strong></span> <span class='ocrx_word' id='word_1_138' title='bbox 811 1905 856 1994; x_wconf 78' lang='grc' dir='ltr'><strong>μὴ</strong></span> <span class='ocrx_word' id='word_1_139' title='bbox 873 1902 913 1972; x_wconf 72' lang='grc' dir='ltr'><strong><em>ὃν</em></strong></span> <span class='ocrx_word' id='word_1_140' title='bbox 929 1913 1013 1973; x_wconf 77' lang='grc' dir='ltr'><strong><em>ποτε</em></strong></span> <span class='ocrx_word' id='word_1_141' title='bbox 1029 1932 1104 1974; x_wconf 88' lang='grc' dir='ltr'><strong><em>τινα</em></strong></span> <span class='ocrx_word' id='word_1_142' title='bbox 1127 1915 1246 1996; x_wconf 80' lang='grc' dir='ltr'><strong><em>σφίσιν</em></strong></span> 
     </span>
     <span class='ocr_line' id='line_1_17' title="bbox 122 2003 1245 2097; baseline 0.001 -25"><span class='ocrx_word' id='word_1_143' title='bbox 122 2003 321 2072; x_wconf 73' lang='grc' dir='ltr'><strong><em>ἐπιθέσθαι</em></strong></span> <span class='ocrx_word' id='word_1_144' title='bbox 342 2005 414 2088; x_wconf 90' lang='lat' dir='ltr'><strong>VII,</strong></span> <span class='ocrx_word' id='word_1_145' title='bbox 438 2007 489 2083; x_wconf 83' lang='grc'><strong>29,</strong></span> <span class='ocrx_word' id='word_1_146' title='bbox 512 2009 541 2069; x_wconf 95' lang='grc'><strong>2.</strong></span> <span class='ocrx_word' id='word_1_147' title='bbox 565 2005 614 2084; x_wconf 88' lang='lat' dir='ltr'><strong>(cf.</strong></span> <span class='ocrx_word' id='word_1_148' title='bbox 637 2005 695 2086; x_wconf 90' lang='grc' dir='ltr'>ΙΙΙ,</span> <span class='ocrx_word' id='word_1_149' title='bbox 722 2007 770 2084; x_wconf 91' lang='grc'><strong>12,</strong></span> <span class='ocrx_word' id='word_1_150' title='bbox 795 2007 824 2068; x_wconf 89' lang='grc'><strong>2.</strong></span> <span class='ocrx_word' id='word_1_151' title='bbox 850 2005 921 2097; x_wconf 79' lang='lat' dir='ltr'><strong>Vll,</strong></span> <span class='ocrx_word' id='word_1_152' title='bbox 945 2009 996 2088; x_wconf 86' lang='grc'><strong>20,</strong></span> <span class='ocrx_word' id='word_1_153' title='bbox 1020 2009 1049 2070; x_wconf 87' lang='grc'><strong>3.</strong></span> <span class='ocrx_word' id='word_1_154' title='bbox 1079 2005 1139 2088; x_wconf 90' lang='grc' dir='ltr'>ΙΙΙ,</span> <span class='ocrx_word' id='word_1_155' title='bbox 1163 2011 1192 2084; x_wconf 89' lang='grc'><strong>2,</strong></span> <span class='ocrx_word' id='word_1_156' title='bbox 1218 2011 1245 2073; x_wconf 89' lang='grc'><strong>1.</strong></span> 
     </span>
     <span class='ocr_line' id='line_1_18' title="bbox 121 2101 1246 2186; baseline 0.001 -17"><span class='ocrx_word' id='word_1_157' title='bbox 121 2103 184 2185; x_wconf 91' lang='grc' dir='ltr'>ΙΙΙ,</span> <span class='ocrx_word' id='word_1_158' title='bbox 209 2107 259 2186; x_wconf 87' lang='grc'><strong>26,</strong></span> <span class='ocrx_word' id='word_1_159' title='bbox 283 2107 312 2169; x_wconf 89' lang='grc'><strong>3.</strong></span> <span class='ocrx_word' id='word_1_160' title='bbox 334 2103 359 2186; x_wconf 89' lang='grc' dir='ltr'>Ι,</span> <span class='ocrx_word' id='word_1_161' title='bbox 383 2106 433 2184; x_wconf 81' lang='lat'><strong>90,</strong></span> <span class='ocrx_word' id='word_1_162' title='bbox 458 2108 486 2168; x_wconf 84' lang='lat'><strong>4.</strong></span> <span class='ocrx_word' id='word_1_163' title='bbox 510 2102 552 2184; x_wconf 91' lang='grc' dir='ltr'><strong>ΙΙ,</strong></span> <span class='ocrx_word' id='word_1_164' title='bbox 579 2107 628 2183; x_wconf 91' lang='grc'><strong>11,</strong></span> <span class='ocrx_word' id='word_1_165' title='bbox 652 2105 681 2166; x_wconf 85' lang='grc'><strong>2.</strong></span> <span class='ocrx_word' id='word_1_166' title='bbox 707 2103 755 2182; x_wconf 86' lang='grc'><strong>18,</strong></span> <span class='ocrx_word' id='word_1_167' title='bbox 780 2105 808 2166; x_wconf 86' lang='grc'><strong>3.</strong></span> <span class='ocrx_word' id='word_1_168' title='bbox 833 2101 888 2179; x_wconf 89' lang='lat' dir='ltr'><strong>IV,</strong></span> <span class='ocrx_word' id='word_1_169' title='bbox 908 2104 937 2180; x_wconf 88' lang='grc'><strong>9,</strong></span> <span class='ocrx_word' id='word_1_170' title='bbox 961 2105 990 2168; x_wconf 90' lang='grc'><strong>3.</strong></span> <span class='ocrx_word' id='word_1_171' title='bbox 1015 2107 1064 2182; x_wconf 92' lang='grc'><strong>55,</strong></span> <span class='ocrx_word' id='word_1_172' title='bbox 1091 2110 1117 2169; x_wconf 90' lang='lat'><strong>1.</strong></span> <span class='ocrx_word' id='word_1_173' title='bbox 1142 2107 1192 2186; x_wconf 84' lang='lat'><strong>58,</strong></span> <span class='ocrx_word' id='word_1_174' title='bbox 1216 2108 1246 2170; x_wconf 88' lang='lat'><strong>3.</strong></span> 
     </span>
    </p>
   </div>
   <div class='ocr_carea' id='block_1_3' title="bbox 121 2187 1358 2284">
    <p class='ocr_par' dir='ltr' id='par_1_3' title="bbox 121 2187 1358 2284">
     <span class='ocr_line' id='line_1_19' title="bbox 121 2187 1358 2284; baseline 0.002 -18"><span class='ocrx_word' id='word_1_175' title='bbox 121 2202 162 2283; x_wconf 89' lang='lat' dir='ltr'><strong>v,</strong></span> <span class='ocrx_word' id='word_1_176' title='bbox 187 2204 216 2282; x_wconf 84' lang='lat' dir='ltr'><strong>e,</strong></span> <span class='ocrx_word' id='word_1_177' title='bbox 240 2205 268 2266; x_wconf 87' lang='lat'><strong>3.</strong></span> <span class='ocrx_word' id='word_1_178' title='bbox 293 2187 380 2280; x_wconf 83' lang='lat' dir='ltr'><strong>vm,</strong></span> <span class='ocrx_word' id='word_1_179' title='bbox 404 2205 433 2282; x_wconf 84' lang='lat' dir='ltr'><strong>a,</strong></span> <span class='ocrx_word' id='word_1_180' title='bbox 458 2204 486 2266; x_wconf 84' lang='lat' dir='ltr'><strong>a.</strong></span> <span class='ocrx_word' id='word_1_181' title='bbox 511 2202 561 2282; x_wconf 80' lang='lat' dir='ltr'><strong>va,</strong></span> <span class='ocrx_word' id='word_1_182' title='bbox 585 2201 614 2284; x_wconf 72' lang='lat' dir='ltr'><strong>a,</strong></span> <span class='ocrx_word' id='word_1_183' title='bbox 638 2199 662 2276; x_wconf 88' lang='lat'><strong>1,</strong></span> <span class='ocrx_word' id='word_1_184' title='bbox 688 2201 757 2277; x_wconf 82' lang='lat' dir='ltr'><strong>mo,</strong></span> <span class='ocrx_word' id='word_1_185' title='bbox 782 2199 1084 2280; x_wconf 72' lang='lat' dir='ltr'><strong>cumeani,</strong></span> <span class='ocrx_word' id='word_1_186' title='bbox 1109 2205 1179 2284; x_wconf 84' lang='lat' dir='ltr'><strong>mo,</strong></span> <span class='ocrx_word' id='word_1_187' title='bbox 1203 2205 1245 2280; x_wconf 84' lang='grc' dir='ltr'><strong>ε.)</strong></span> <span class='ocrx_word' id='word_1_188' title='bbox 1356 2197 1358 2202; x_wconf 83' lang='grc'><strong>’</strong></span> 
     </span>
    </p>
   </div>
   <div class='ocr_carea' id='block_1_4' title="bbox 37 2289 1245 2866">
    <p class='ocr_par' dir='ltr' id='par_1_4' title="bbox 37 2289 1245 2774">
     <span class='ocr_line' id='line_1_20' title="bbox 37 2289 1245 2384; baseline 0.002 -20"><span class='ocrx_word' id='word_1_189' title='bbox 37 2301 40 2306; x_wconf 86' lang='grc'><strong>’</strong></span> <span class='ocrx_word' id='word_1_190' title='bbox 121 2299 196 2364; x_wconf 86' lang='lat' dir='ltr'><strong>Huc</strong></span> <span class='ocrx_word' id='word_1_191' title='bbox 223 2299 397 2382; x_wconf 86' lang='lat' dir='ltr'><strong>pertinent:</strong></span> <span class='ocrx_word' id='word_1_192' title='bbox 436 2295 607 2384; x_wconf 78' lang='grc' dir='ltr'><strong><em>ἀσφάλεια</em></strong></span> <span class='ocrx_word' id='word_1_193' title='bbox 635 2293 742 2382; x_wconf 79' lang='grc' dir='ltr'><strong><em>πολλὴ</em></strong></span> <span class='ocrx_word' id='word_1_194' title='bbox 774 2289 861 2360; x_wconf 83' lang='grc' dir='ltr'><strong><em>εἶναι</em></strong></span> <span class='ocrx_word' id='word_1_195' title='bbox 888 2294 932 2383; x_wconf 76' lang='grc' dir='ltr'><strong>μὴ</strong></span> <span class='ocrx_word' id='word_1_196' title='bbox 964 2291 1004 2362; x_wconf 67' lang='grc' dir='ltr'><strong><em>ἂν</em></strong></span> <span class='ocrx_word' id='word_1_197' title='bbox 1027 2295 1143 2366; x_wconf 77' lang='grc' dir='ltr'><strong><em>ἐλθεῖν</em></strong></span> <span class='ocrx_word' id='word_1_198' title='bbox 1166 2298 1245 2378; x_wconf 80' lang='grc' dir='ltr'><strong><em>τοὺς</em></strong></span> 
     </span>
     <span class='ocr_line' id='line_1_21' title="bbox 120 2387 1244 2479; baseline 0 -15"><span class='ocrx_word' id='word_1_199' title='bbox 120 2395 295 2474; x_wconf 74' lang='grc' dir='ltr'><strong><em>ἐναντίους</em></strong></span> <span class='ocrx_word' id='word_1_200' title='bbox 316 2397 357 2479; x_wconf 90' lang='lat'><strong>11,</strong></span> <span class='ocrx_word' id='word_1_201' title='bbox 383 2401 431 2476; x_wconf 94' lang='lat'><strong>11,</strong></span> <span class='ocrx_word' id='word_1_202' title='bbox 449 2400 478 2462; x_wconf 92' lang='grc'><strong>2.</strong></span> <span class='ocrx_word' id='word_1_203' title='bbox 512 2392 634 2460; x_wconf 87' lang='grc' dir='ltr'><strong><em>πιστὸν</em></strong></span> <span class='ocrx_word' id='word_1_204' title='bbox 657 2391 790 2474; x_wconf 74' lang='grc' dir='ltr'><strong><em>’ἔχοντες</em></strong></span> <span class='ocrx_word' id='word_1_205' title='bbox 812 2387 852 2457; x_wconf 74' lang='grc' dir='ltr'><strong><em>ἂν</em></strong></span> <span class='ocrx_word' id='word_1_206' title='bbox 874 2400 1120 2478; x_wconf 80' lang='grc' dir='ltr'><strong><em>περιγενέσθαι</em></strong></span> <span class='ocrx_word' id='word_1_207' title='bbox 1141 2433 1184 2442; x_wconf 99' lang='grc'>-</span> <span class='ocrx_word' id='word_1_208' title='bbox 1205 2393 1244 2464; x_wconf 80' lang='grc' dir='ltr'><strong>αὖ</strong></span> 
     </span>
     <span class='ocr_line' id='line_1_22' title="bbox 118 2489 1245 2581; baseline 0 -21"><span class='ocrx_word' id='word_1_209' title='bbox 118 2497 263 2578; x_wconf 73' lang='grc' dir='ltr'><strong><em>βέβαιον</em></strong></span> <span class='ocrx_word' id='word_1_210' title='bbox 284 2493 329 2581; x_wconf 74' lang='grc' dir='ltr'><strong>μὴ</strong></span> <span class='ocrx_word' id='word_1_211' title='bbox 354 2489 392 2560; x_wconf 79' lang='grc' dir='ltr'><em>σύ</em></span> <span class='ocrx_word' id='word_1_212' title='bbox 415 2490 671 2578; x_wconf 81' lang='grc' dir='ltr'><strong><em>προαναλώσειν</em></strong></span> <span class='ocrx_word' id='word_1_213' title='bbox 685 2491 711 2573; x_wconf 94' lang='grc' dir='ltr'>Ι,</span> <span class='ocrx_word' id='word_1_214' title='bbox 731 2495 800 2568; x_wconf 86' lang='grc'>141,</span> <span class='ocrx_word' id='word_1_215' title='bbox 815 2495 844 2554; x_wconf 87' lang='grc'><strong>4.</strong></span> <span class='ocrx_word' id='word_1_216' title='bbox 871 2490 1087 2577; x_wconf 80' lang='grc' dir='ltr'><strong><em>βεβαιότεραι</em></strong></span> <span class='ocrx_word' id='word_1_217' title='bbox 1109 2489 1149 2558; x_wconf 72' lang='grc' dir='ltr'><strong><em>ἂν</em></strong></span> <span class='ocrx_word' id='word_1_218' title='bbox 1165 2489 1245 2581; x_wconf 77' lang='grc' dir='ltr'><strong><em>ἡμῖν</em></strong></span> 
     </span>
     <span class='ocr_line' id='line_1_23' title="bbox 120 2579 1243 2679; baseline -0.001 -21"><span class='ocrx_word' id='word_1_219' title='bbox 120 2581 210 2678; x_wconf 78' lang='grc' dir='ltr'><strong><em>ἦσαν</em></strong></span> <span class='ocrx_word' id='word_1_220' title='bbox 232 2590 337 2678; x_wconf 77' lang='grc' dir='ltr'><strong><em>μηδὲν</em></strong></span> <span class='ocrx_word' id='word_1_221' title='bbox 360 2602 549 2675; x_wconf 78' lang='grc' dir='ltr'><strong><em>νεωτεριεῖν</em></strong></span> <span class='ocrx_word' id='word_1_222' title='bbox 571 2579 630 2665; x_wconf 70' lang='grc' dir='ltr'>ΙΙΙ,</span> <span class='ocrx_word' id='word_1_223' title='bbox 656 2592 704 2666; x_wconf 91' lang='grc'><strong>11,</strong></span> <span class='ocrx_word' id='word_1_224' title='bbox 729 2593 756 2652; x_wconf 91' lang='grc'><strong>1.</strong></span> <span class='ocrx_word' id='word_1_225' title='bbox 786 2585 902 2652; x_wconf 76' lang='grc' dir='ltr'><strong><em>διὰτὸ</em></strong></span> <span class='ocrx_word' id='word_1_226' title='bbox 925 2588 1095 2676; x_wconf 62' lang='grc' dir='ltr'><strong><em>εἱρχθῆναι</em></strong></span> <span class='ocrx_word' id='word_1_227' title='bbox 1118 2585 1158 2656; x_wconf 71' lang='grc' dir='ltr'><strong><em>ἂν</em></strong></span> <span class='ocrx_word' id='word_1_228' title='bbox 1180 2587 1243 2679; x_wconf 75' lang='grc' dir='ltr'><strong>ὑφ’</strong></span> 
     </span>
     <span class='ocr_line' id='line_1_24' title="bbox 119 2681 877 2774; baseline -0.012 -18"><span class='ocrx_word' id='word_1_229' title='bbox 119 2689 248 2774; x_wconf 80' lang='grc' dir='ltr'><strong><em>ἑτέρων</em></strong></span> <span class='ocrx_word' id='word_1_230' title='bbox 270 2685 386 2765; x_wconf 79' lang='grc' dir='ltr'><strong><em>αὐτοῖς</em></strong></span> <span class='ocrx_word' id='word_1_231' title='bbox 409 2688 562 2754; x_wconf 76' lang='grc' dir='ltr'><strong><em>κίνδυνον</em></strong></span> <span class='ocrx_word' id='word_1_232' title='bbox 585 2681 673 2752; x_wconf 83' lang='grc' dir='ltr'><strong><em>εἶναι</em></strong></span> <span class='ocrx_word' id='word_1_233' title='bbox 689 2685 749 2768; x_wconf 79' lang='lat' dir='ltr'><strong>-Vl,</strong></span> <span class='ocrx_word' id='word_1_234' title='bbox 775 2688 824 2768; x_wconf 86' lang='lat'><strong>18,</strong></span> <span class='ocrx_word' id='word_1_235' title='bbox 848 2688 877 2750; x_wconf 89' lang='grc'><strong>3.</strong></span> 
     </span>
    </p>

    <p class='ocr_par' dir='ltr' id='par_1_5' title="bbox 208 2782 1245 2866">
     <span class='ocr_line' id='line_1_25' title="bbox 208 2782 1245 2866; baseline 0.001 -15"><span class='ocrx_word' id='word_1_236' title='bbox 208 2787 329 2864; x_wconf 84' lang='lat' dir='ltr'><strong>Restat,</strong></span> <span class='ocrx_word' id='word_1_237' title='bbox 352 2790 387 2850; x_wconf 89' lang='lat' dir='ltr'><strong>ut</strong></span> <span class='ocrx_word' id='word_1_238' title='bbox 410 2785 450 2854; x_wconf 88' lang='lat' dir='ltr'><strong>de</strong></span> <span class='ocrx_word' id='word_1_239' title='bbox 472 2784 629 2852; x_wconf 88' lang='lat' dir='ltr'><strong>infinitivo</strong></span> <span class='ocrx_word' id='word_1_240' title='bbox 644 2782 754 2848; x_wconf 88' lang='lat' dir='ltr'><strong>aoristi</strong></span> <span class='ocrx_word' id='word_1_241' title='bbox 777 2789 850 2866; x_wconf 90' lang='lat' dir='ltr'><strong>post</strong></span> <span class='ocrx_word' id='word_1_242' title='bbox 864 2784 964 2850; x_wconf 89' lang='lat' dir='ltr'><strong>verba</strong></span> <span class='ocrx_word' id='word_1_243' title='bbox 978 2786 1175 2854; x_wconf 91' lang='lat' dir='ltr'><strong>vaticinandi</strong></span> <span class='ocrx_word' id='word_1_244' title='bbox 1190 2786 1245 2854; x_wconf 87' lang='lat' dir='ltr'><strong>ad-</strong></span> 
     </span>
    </p>
   </div>
   <div class='ocr_carea' id='block_1_5' title="bbox 118 2877 1375 2970">
    <p class='ocr_par' dir='ltr' id='par_1_6' title="bbox 118 2877 1375 2970">
     <span class='ocr_line' id='line_1_26' title="bbox 118 2877 1375 2970; baseline -0.002 -17"><span class='ocrx_word' id='word_1_245' title='bbox 118 2885 224 2952; x_wconf 86' lang='lat' dir='ltr'><strong>hibito</strong></span> <span class='ocrx_word' id='word_1_246' title='bbox 256 2883 405 2950; x_wconf 90' lang='lat' dir='ltr'><strong>nonnihil</strong></span> <span class='ocrx_word' id='word_1_247' title='bbox 435 2884 577 2950; x_wconf 87' lang='lat' dir='ltr'><strong>afferam.</strong></span> <span class='ocrx_word' id='word_1_248' title='bbox 627 2880 730 2960; x_wconf 82' lang='lat' dir='ltr'><strong>Quam</strong></span> <span class='ocrx_word' id='word_1_249' title='bbox 763 2877 945 2964; x_wconf 84' lang='lat' dir='ltr'><strong>Madvigius</strong></span> <span class='ocrx_word' id='word_1_250' title='bbox 977 2881 1012 2970; x_wconf 86' lang='lat' dir='ltr'><strong>(l.</strong></span> <span class='ocrx_word' id='word_1_251' title='bbox 1035 2886 1057 2950; x_wconf 91' lang='lat' dir='ltr'><strong>l.</strong></span> <span class='ocrx_word' id='word_1_252' title='bbox 1090 2904 1165 2969; x_wconf 86' lang='lat' dir='ltr'><strong>pag.</strong></span> <span class='ocrx_word' id='word_1_253' title='bbox 1188 2884 1244 2970; x_wconf 87' lang='grc'><strong>44)</strong></span> <span class='ocrx_word' id='word_1_254' title='bbox 1371 2935 1375 2950; x_wconf 84' lang='grc'><strong>.</strong></span> 
     </span>
    </p>
   </div>
   <div class='ocr_carea' id='block_1_6' title="bbox 116 2980 1246 4042">
    <p class='ocr_par' dir='ltr' id='par_1_7' title="bbox 116 2980 1246 4042">
     <span class='ocr_line' id='line_1_27' title="bbox 117 2980 1246 3067; baseline 0.004 -20"><span class='ocrx_word' id='word_1_255' title='bbox 117 2982 225 3067; x_wconf 90' lang='lat' dir='ltr'><strong>primo</strong></span> <span class='ocrx_word' id='word_1_256' title='bbox 247 2983 318 3047; x_wconf 91' lang='lat' dir='ltr'><strong>loco</strong></span> <span class='ocrx_word' id='word_1_257' title='bbox 340 2981 473 3065; x_wconf 92' lang='lat' dir='ltr'><strong>protulit</strong></span> <span class='ocrx_word' id='word_1_258' title='bbox 494 2980 589 3063; x_wconf 88' lang='lat' dir='ltr'><strong>hujus</strong></span> <span class='ocrx_word' id='word_1_259' title='bbox 611 2988 785 3048; x_wconf 83' lang='lat' dir='ltr'><strong>structurae</strong></span> <span class='ocrx_word' id='word_1_260' title='bbox 801 2983 1059 3066; x_wconf 86' lang='lat' dir='ltr'><strong>explicationem,</strong></span> <span class='ocrx_word' id='word_1_261' title='bbox 1082 3002 1152 3050; x_wconf 90' lang='lat' dir='ltr'><strong>cum</strong></span> <span class='ocrx_word' id='word_1_262' title='bbox 1168 2983 1246 3051; x_wconf 89' lang='lat' dir='ltr'><strong>dicit</strong></span> 
     </span>
     <span class='ocr_line' id='line_1_28' title="bbox 116 3078 1245 3162; baseline 0 -16"><span class='ocrx_word' id='word_1_263' title='bbox 116 3079 313 3146; x_wconf 83' lang='lat' dir='ltr'><strong>infinitivum</strong></span> <span class='ocrx_word' id='word_1_264' title='bbox 335 3079 445 3144; x_wconf 81' lang='lat' dir='ltr'><strong>coristi</strong></span> <span class='ocrx_word' id='word_1_265' title='bbox 467 3079 540 3144; x_wconf 88' lang='lat' dir='ltr'><strong>ideo</strong></span> <span class='ocrx_word' id='word_1_266' title='bbox 563 3078 669 3144; x_wconf 90' lang='lat' dir='ltr'><strong>verbis</strong></span> <span class='ocrx_word' id='word_1_267' title='bbox 691 3079 757 3144; x_wconf 90' lang='lat' dir='ltr'><strong>illis</strong></span> <span class='ocrx_word' id='word_1_268' title='bbox 772 3078 860 3156; x_wconf 90' lang='lat' dir='ltr'><strong>addi,</strong></span> <span class='ocrx_word' id='word_1_269' title='bbox 883 3079 968 3162; x_wconf 88' lang='lat' dir='ltr'><strong>qnod</strong></span> <span class='ocrx_word' id='word_1_270' title='bbox 990 3079 1085 3145; x_wconf 82' lang='lat' dir='ltr'><strong>futuri</strong></span> <span class='ocrx_word' id='word_1_271' title='bbox 1108 3081 1195 3146; x_wconf 88' lang='lat' dir='ltr'><strong>notio</strong></span> <span class='ocrx_word' id='word_1_272' title='bbox 1210 3079 1245 3146; x_wconf 92' lang='lat' dir='ltr'><strong>in</strong></span> 
     </span>
     <span class='ocr_line' id='line_1_29' title="bbox 117 3167 1244 3261; baseline -0.001 -18"><span class='ocrx_word' id='word_1_273' title='bbox 117 3167 221 3245; x_wconf 86' lang='lat' dir='ltr'><strong>verbo</strong></span> <span class='ocrx_word' id='word_1_274' title='bbox 243 3177 314 3260; x_wconf 87' lang='lat' dir='ltr'><strong>ipso</strong></span> <span class='ocrx_word' id='word_1_275' title='bbox 331 3176 403 3260; x_wconf 88' lang='lat' dir='ltr'><strong>jam</strong></span> <span class='ocrx_word' id='word_1_276' title='bbox 425 3176 487 3242; x_wconf 90' lang='lat' dir='ltr'><strong>sita</strong></span> <span class='ocrx_word' id='word_1_277' title='bbox 509 3176 559 3254; x_wconf 92' lang='lat' dir='ltr'><strong>sit,</strong></span> <span class='ocrx_word' id='word_1_278' title='bbox 583 3194 653 3241; x_wconf 85' lang='lat' dir='ltr'><strong>eam</strong></span> <span class='ocrx_word' id='word_1_279' title='bbox 669 3177 821 3260; x_wconf 88' lang='lat' dir='ltr'><strong>amplecti</strong></span> <span class='ocrx_word' id='word_1_280' title='bbox 839 3198 904 3242; x_wconf 91' lang='lat' dir='ltr'><strong>nou</strong></span> <span class='ocrx_word' id='word_1_281' title='bbox 921 3197 1065 3261; x_wconf 88' lang='lat' dir='ltr'><strong>possum,</strong></span> <span class='ocrx_word' id='word_1_282' title='bbox 1088 3177 1163 3260; x_wconf 90' lang='lat' dir='ltr'><strong>quia</strong></span> <span class='ocrx_word' id='word_1_283' title='bbox 1178 3184 1244 3242; x_wconf 92' lang='lat' dir='ltr'><strong>tum</strong></span> 
     </span>
     <span class='ocr_line' id='line_1_30' title="bbox 118 3269 1242 3362; baseline -0.004 -20"><span class='ocrx_word' id='word_1_284' title='bbox 118 3275 263 3342; x_wconf 86' lang='lat' dir='ltr'><strong>maxime</strong></span> <span class='ocrx_word' id='word_1_285' title='bbox 291 3280 326 3340; x_wconf 84' lang='lat' dir='ltr'><strong>ut</strong></span> <span class='ocrx_word' id='word_1_286' title='bbox 354 3280 426 3362; x_wconf 84' lang='lat' dir='ltr'><strong>post</strong></span> <span class='ocrx_word' id='word_1_287' title='bbox 456 3270 593 3354; x_wconf 74' lang='grc' dir='ltr'><strong><em>ὄμνυμι,</em></strong></span> <span class='ocrx_word' id='word_1_288' title='bbox 623 3269 749 3360; x_wconf 84' lang='grc' dir='ltr'><strong><em>ὁρκόισ,</em></strong></span> <span class='ocrx_word' id='word_1_289' title='bbox 779 3272 1036 3358; x_wconf 74' lang='grc' dir='ltr'><strong><em>προγιγνώσκει,</em></strong></span> <span class='ocrx_word' id='word_1_290' title='bbox 1065 3285 1242 3359; x_wconf 83' lang='grc' dir='ltr'><strong><em>προεῖπον,</em></strong></span> 
     </span>
     <span class='ocr_line' id='line_1_31' title="bbox 118 3367 1245 3456; baseline -0.002 -18"><span class='ocrx_word' id='word_1_291' title='bbox 118 3368 349 3454; x_wconf 77' lang='grc' dir='ltr'><strong><em>ὑπισχνοῦμαι</em></strong></span> <span class='ocrx_word' id='word_1_292' title='bbox 372 3377 403 3436; x_wconf 82' lang='lat' dir='ltr'><strong>et</strong></span> <span class='ocrx_word' id='word_1_293' title='bbox 425 3367 549 3449; x_wconf 77' lang='grc' dir='ltr'><strong><em>ἐλπίζω</em></strong></span> <span class='ocrx_word' id='word_1_294' title='bbox 580 3371 646 3449; x_wconf 88' lang='lat' dir='ltr'><strong>(ubi</strong></span> <span class='ocrx_word' id='word_1_295' title='bbox 675 3371 755 3438; x_wconf 83' lang='lat' dir='ltr'><strong>haec</strong></span> <span class='ocrx_word' id='word_1_296' title='bbox 777 3369 1039 3456; x_wconf 83' lang='lat' dir='ltr'><strong>significationem</strong></span> <span class='ocrx_word' id='word_1_297' title='bbox 1062 3369 1190 3435; x_wconf 87' lang='lat' dir='ltr'><strong>dicendi</strong></span> <span class='ocrx_word' id='word_1_298' title='bbox 1213 3376 1245 3436; x_wconf 85' lang='lat' dir='ltr'><strong>et</strong></span> 
     </span>
     <span class='ocr_line' id='line_1_32' title="bbox 118 3466 1244 3554; baseline -0.005 -18"><span class='ocrx_word' id='word_1_299' title='bbox 118 3469 258 3554; x_wconf 85' lang='lat' dir='ltr'><strong>putandi</strong></span> <span class='ocrx_word' id='word_1_300' title='bbox 294 3469 451 3551; x_wconf 84' lang='lat' dir='ltr'><strong>integram</strong></span> <span class='ocrx_word' id='word_1_301' title='bbox 485 3473 705 3544; x_wconf 84' lang='lat' dir='ltr'><strong>servaverunt)</strong></span> <span class='ocrx_word' id='word_1_302' title='bbox 740 3468 978 3552; x_wconf 83' lang='lat' dir='ltr'><strong>exspectaveris</strong></span> <span class='ocrx_word' id='word_1_303' title='bbox 1008 3468 1076 3533; x_wconf 91' lang='lat' dir='ltr'><strong>sive</strong></span> <span class='ocrx_word' id='word_1_304' title='bbox 1105 3466 1244 3532; x_wconf 88' lang='lat' dir='ltr'><strong>futurum</strong></span> 
     </span>
     <span class='ocr_line' id='line_1_33' title="bbox 120 3561 1243 3647; baseline -0.005 -13"><span class='ocrx_word' id='word_1_305' title='bbox 120 3569 190 3634; x_wconf 90' lang='lat' dir='ltr'><strong>sive</strong></span> <span class='ocrx_word' id='word_1_306' title='bbox 225 3567 379 3634; x_wconf 86' lang='lat' dir='ltr'><strong>aoristum</strong></span> <span class='ocrx_word' id='word_1_307' title='bbox 411 3585 482 3631; x_wconf 89' lang='lat' dir='ltr'><strong>cum</strong></span> <span class='ocrx_word' id='word_1_308' title='bbox 514 3561 555 3630; x_wconf 77' lang='lat' dir='ltr'><strong>du</strong></span> <span class='ocrx_word' id='word_1_309' title='bbox 587 3565 711 3632; x_wconf 86' lang='lat' dir='ltr'><strong>vocula.</strong></span> <span class='ocrx_word' id='word_1_310' title='bbox 756 3565 798 3630; x_wconf 83' lang='lat' dir='ltr'><strong>At</strong></span> <span class='ocrx_word' id='word_1_311' title='bbox 831 3565 966 3630; x_wconf 85' lang='lat' dir='ltr'><strong>alteram</strong></span> <span class='ocrx_word' id='word_1_312' title='bbox 995 3563 1243 3647; x_wconf 86' lang='lat' dir='ltr'><strong>explicationem</strong></span> 
     </span>
     <span class='ocr_line' id='line_1_34' title="bbox 120 3661 1243 3748; baseline -0.003 -18"><span class='ocrx_word' id='word_1_313' title='bbox 120 3665 243 3748; x_wconf 83' lang='lat' dir='ltr'><strong>profert</strong></span> <span class='ocrx_word' id='word_1_314' title='bbox 263 3661 349 3730; x_wconf 90' lang='lat' dir='ltr'><strong>idem</strong></span> <span class='ocrx_word' id='word_1_315' title='bbox 372 3663 553 3746; x_wconf 83' lang='lat' dir='ltr'><strong>Madvigius</strong></span> <span class='ocrx_word' id='word_1_316' title='bbox 576 3664 671 3746; x_wconf 84' lang='lat' dir='ltr'><strong>longe</strong></span> <span class='ocrx_word' id='word_1_317' title='bbox 699 3662 922 3746; x_wconf 87' lang='lat' dir='ltr'><strong>simpliciorem</strong></span> <span class='ocrx_word' id='word_1_318' title='bbox 949 3661 1112 3743; x_wconf 90' lang='lat' dir='ltr'><strong>multoque</strong></span> <span class='ocrx_word' id='word_1_319' title='bbox 1133 3661 1243 3727; x_wconf 89' lang='lat' dir='ltr'><strong>rectio-</strong></span> 
     </span>
     <span class='ocr_line' id='line_1_35' title="bbox 121 3756 1244 3846; baseline -0.004 -19"><span class='ocrx_word' id='word_1_320' title='bbox 121 3781 205 3829; x_wconf 84' lang='lat' dir='ltr'><strong>rem:</strong></span> <span class='ocrx_word' id='word_1_321' title='bbox 260 3759 354 3846; x_wconf 81' lang='grc' dir='ltr'><strong><em>χράιο</em></strong></span> <span class='ocrx_word' id='word_1_322' title='bbox 395 3779 436 3827; x_wconf 84' lang='lat' dir='ltr'><strong>ex</strong></span> <span class='ocrx_word' id='word_1_323' title='bbox 474 3761 625 3842; x_wconf 84' lang='lat' dir='ltr'><strong>analogia</strong></span> <span class='ocrx_word' id='word_1_324' title='bbox 660 3761 829 3828; x_wconf 89' lang='lat' dir='ltr'><strong>verborum</strong></span> <span class='ocrx_word' id='word_1_325' title='bbox 863 3757 1000 3841; x_wconf 88' lang='lat' dir='ltr'><strong>jubendi</strong></span> <span class='ocrx_word' id='word_1_326' title='bbox 1035 3777 1105 3824; x_wconf 91' lang='lat' dir='ltr'><strong>cum</strong></span> <span class='ocrx_word' id='word_1_327' title='bbox 1141 3756 1244 3822; x_wconf 84' lang='lat' dir='ltr'><strong>infini-</strong></span> 
     </span>
     <span class='ocr_line' id='line_1_36' title="bbox 122 3853 1243 3942; baseline -0.005 -18"><span class='ocrx_word' id='word_1_328' title='bbox 122 3861 190 3925; x_wconf 90' lang='lat' dir='ltr'><strong>tivo</strong></span> <span class='ocrx_word' id='word_1_329' title='bbox 217 3860 330 3925; x_wconf 88' lang='lat' dir='ltr'><strong>aoristl</strong></span> <span class='ocrx_word' id='word_1_330' title='bbox 358 3865 390 3925; x_wconf 92' lang='lat' dir='ltr'><strong>et</strong></span> <span class='ocrx_word' id='word_1_331' title='bbox 418 3858 596 3942; x_wconf 85' lang='lat' dir='ltr'><strong>praesentis</strong></span> <span class='ocrx_word' id='word_1_332' title='bbox 625 3858 729 3942; x_wconf 80' lang='lat' dir='ltr'><strong>jungi.</strong></span> <span class='ocrx_word' id='word_1_333' title='bbox 780 3856 874 3923; x_wconf 83' lang='lat' dir='ltr'><strong>Oerte</strong></span> <span class='ocrx_word' id='word_1_334' title='bbox 907 3855 1014 3921; x_wconf 91' lang='lat' dir='ltr'><strong>omnia</strong></span> <span class='ocrx_word' id='word_1_335' title='bbox 1046 3873 1128 3938; x_wconf 89' lang='lat' dir='ltr'><strong>quae</strong></span> <span class='ocrx_word' id='word_1_336' title='bbox 1155 3853 1243 3940; x_wconf 90' lang='lat' dir='ltr'><strong>apud</strong></span> 
     </span>
     <span class='ocr_line' id='line_1_37' title="bbox 123 3952 1242 4042; baseline -0.005 -20"><span class='ocrx_word' id='word_1_337' title='bbox 123 3955 346 4042; x_wconf 81' lang='lat' dir='ltr'><strong>Thucydidem</strong></span> <span class='ocrx_word' id='word_1_338' title='bbox 374 3956 484 4022; x_wconf 91' lang='lat' dir='ltr'><strong>inveni</strong></span> <span class='ocrx_word' id='word_1_339' title='bbox 512 3957 676 4039; x_wconf 87' lang='lat' dir='ltr'><strong>exempla,</strong></span> <span class='ocrx_word' id='word_1_340' title='bbox 709 3963 772 4020; x_wconf 83' lang='lat' dir='ltr'><strong>un&#39;o</strong></span> <span class='ocrx_word' id='word_1_341' title='bbox 796 3960 947 4038; x_wconf 89' lang='lat' dir='ltr'><strong>excepto,</strong></span> <span class='ocrx_word' id='word_1_342' title='bbox 973 3953 1013 4019; x_wconf 90' lang='lat' dir='ltr'><strong>de</strong></span> <span class='ocrx_word' id='word_1_343' title='bbox 1044 3973 1105 4035; x_wconf 91' lang='lat' dir='ltr'><strong>quo</strong></span> <span class='ocrx_word' id='word_1_344' title='bbox 1134 3952 1242 4017; x_wconf 85' lang='lat' dir='ltr'><strong>statim</strong></span> 
     </span>
    </p>
   </div>
   <div class='ocr_carea' id='block_1_7' title="bbox 0 0 1514 4866">
    <p class='ocr_par' dir='ltr' id='par_1_8' title="bbox 0 0 1514 4866">
     <span class='ocr_line' id='line_1_38' title="bbox 0 0 1514 4866; baseline 0 0"><span class='ocrx_word' id='word_1_345' title='bbox 0 0 1514 4866; x_wconf 95' lang='lat' dir='ltr'><strong> </strong></span> 
     </span>
    </p>
   </div>
  </div>
 </body>
</html>
