3020 4866
357 446 399 502 De
417 444 540 502 infinitivi
557 451 708 518 temporum
726 463 779 502 usu
798 447 982 518 Thucydideo.
1008 489 1011 496 ⁴
1214 447 1234 508 5

109 617 143 705 1)
166 619 388 700 indicativum,
413 617 446 705 i)
470 617 639 702 oonjnnot,
663 616 698 702 3)
722 624 834 704 optat,
858 623 889 699 4)
904 620 1063 705 imperat,
1088 620 1122 706 5)
1139 629 1232 708 part,

194 717 229 803 6)
244 715 344 796 infin,
368 715 401 802 7)
417 717 579 801 praeterit.
602 712 861 802 (imperitatum),

107 837 126 884 o
148 815 215 900 up
229 835 306 882 varo
322 835 381 882 sex
396 833 581 880 emanasse:

110 913 143 1000 1)
160 914 334 998 eonjunot,
358 910 520 996 2)'optat.,
544 910 578 998 3)
595 913 752 998 imperat,
768 909 803 997 4)
820 918 911 996 part,
930 911 963 995 5)
976 911 1075 998 infin,
1093 914 1127 1000 6)
1143 937 1235 1001 pras·

193 1011 276 1078 terit.
300 1007 411 1094 (indie.
434 1009 527 1095 aon).

107 1111 209 1176 Deest
234 1108 332 1192 igitur
351 1108 469 1174 aoristo
492 1109 630 1192 simplex
651 1106 859 1192 indioativus,
889 1109 959 1176 sine
979 1113 1153 1192 augmento
1174 1111 1235 1176 ior-

107 1214 229 1288 matus,
258 1208 309 1272 oni
334 1206 512 1272 Ahrensins
532 1205 684 1290 primario
705 1225 823 1272 nomon
845 1205 948 1285 dedit,
971 1225 1076 1290 neque
1105 1205 1235 1275 diffieils

109 1311 157 1371 est
186 1323 316 1370 causam
345 1304 441 1388 hujus
469 1303 515 1370 rei
543 1304 756 1384 investigare:
790 1323 865 1368 nam
895 1303 922 1370 si
943 1305 1129 1388 primarium
1151 1305 1234 1372 illud

108 1401 278 1469 formatum
299 1407 399 1483 esset,
422 1401 555 1468 Graeois
577 1407 662 1475 esset
683 1401 819 1466 notionis
840 1409 1087 1468 momentaneae
1108 1410 1235 1486 tompus

109 1519 273 1585 praesens,
295 1520 317 1566 a
338 1519 401 1584 quo
422 1499 495 1584 ipsa
515 1505 632 1564 natura
652 1497 749 1581 hujus
763 1499 899 1565 aetionis
919 1519 1050 1584 prorsus
1072 1499 1233 1566 abhorret.

109 1597 199 1678 Quae
213 1604 249 1662 nt
262 1597 407 1681 pluribus
428 1615 598 1680 exponam,
620 1596 718 1661 lineat
732 1596 810 1660 mihi
824 1597 1037 1664 reoontiorum
1052 1597 1234 1680 linguarum

109 1717 200 1763 usum
228 1715 300 1760 oum
330 1713 478 1762 sermone
499 1713 615 1777 grasm
637 1693 799 1770 oonierro,
829 1693 900 1760 dioo
928 1695 1056 1778 linguas
1084 1695 1233 1776 slavioas,

109 1813 187 1876 quas
221 1793 366 1858 Piuhlins
403 1792 523 1876 optimo
551 1792 625 1874 jure
658 1789 701 1856 ad
739 1791 849 1856 aoristi
880 1811 973 1858 usum
1005 1792 1234 1876 explioandum

108 1877 271 1972 adhibuit,
305 1910 376 1956 oum
409 1889 471 1954 hae
503 1889 537 1954 in
570 1907 605 1953 re
638 1887 798 1970 insignem
826 1888 1068 1956 similitudinem
1096 1909 1234 1972 maenae

108 1988 240 2072 linguae
262 2007 340 2071 prao
362 2007 397 2054 se
418 1987 532 2054 forant.
569 1986 654 2051 Nam
676 1991 708 2051 et
729 1984 842 2050 slaviei
863 1985 1010 2052 homines
1031 2005 1099 2052 rem
1116 1986 1233 2054 diutius

109 2085 276 2152 durantem
291 2086 344 2150 vei
365 2085 496 2168 saepius
516 2082 684 2167 repetitam
699 2083 754 2148 vel
775 2082 959 2150 inchoatam
981 2102 1126 2167 quaeque
1142 2083 1234 2151 tardo

108 2183 263 2267 prooedit,
286 2183 328 2247 ab
351 2201 399 2264 ea,
423 2201 519 2264 quam
533 2186 792 2246 momentaneam
808 2179 952 2259 dioimus,
977 2179 1171 2262 discernunt,
1188 2183 1233 2248 ita

108 2280 237 2364 quidem
259 2287 294 2345 ut
314 2299 405 2346 suam
428 2280 541 2361 unique
564 2278 695 2361 stirpem
716 2278 858 2343 tribuant
871 2286 927 2344 aut
941 2280 1119 2364 oomposita
1132 2280 1234 2345 verba

107 2397 163 2462 pro
185 2377 281 2444 novis
301 2377 454 2444 thematis
475 2383 645 2462 usurpent3
667 2375 724 2442 sed
747 2373 782 2441 in
796 2395 834 2442 eo
849 2375 989 2443 maximo
1003 2395 1024 2442 a
1039 2376 1232 2442 Graeoorum

107 2473 339 2542 consuetudine
373 2473 563 2556 deflectunt,
597 2473 683 2556 qnod
716 2491 738 2537 a
773 2472 886 2554 quovis
920 2472 1017 2538 verbo
1047 2474 1232 2557 primarium

107 2575 283 2641 deelinant.
327 2573 466 2638 Exstant
488 2571 584 2655 igitur
604 2571 638 2635 in
660 2569 725 2635 illis
747 2569 866 2651 linguis
888 2569 1041 2653 primaria
1062 2570 1232 2636 verborum

106 2677 418 2749 momentaneorum,
448 2669 508 2736 sed
535 2666 649 2734 eadem
670 2685 844 2748 numquam
874 2665 917 2731 ad
939 2685 1006 2733 rem
1028 2675 1232 2750 praesentem

106 2769 297 2849 referuntur,
319 2786 447 2851 semper
468 2766 512 2834 ad
533 2761 673 2832 'intutum
695 2769 851 2848 speotant.
895 2764 1063 2845 Nimimm,
1087 2783 1158 2830 oum
1180 2785 1233 2832 ros

106 2871 296 2950 praesentes
323 2884 451 2949 semper
482 2863 610 2947 longius
638 2862 790 2928 durantes
817 2862 925 2928 animo
948 2862 1041 2928 nobis
1063 2860 1231 2946 tingamus,

106 2965 206 3032 verba
228 2969 454 3030 momentanea
474 2961 518 3028 ad
539 2961 724 3045 praesentia
746 2959 957 3043 exprimenda
977 2980 1044 3026 non
1065 2967 1144 3044 apta
1158 2967 1233 3026 sunt

106 3062 244 3145 ideoque
265 3079 400 3128 neeesse
427 3067 491 3140 est,
520 3065 555 3124 ut
576 3063 632 3124 aut
653 3057 696 3124 ad
718 3058 893 3142 praeterita
915 3057 1035 3124 autad
1057 3057 1163 3124 iutura
1184 3075 1232 3123 re·
1267 3135 1270 3142 ,

106 3158 258 3226 iurantur.
301 3159 416 3242 Atqui,
449 3157 524 3241 qnia
545 3156 752 3241 praeteritum
773 3161 1033 3222 momentaneum
1055 3155 1150 3220 oertis
1171 3154 1232 3221 ior·

107 3257 168 3323 mis
189 3256 270 3323 satis
291 3255 468 3321 indicatum
491 3261 569 3336 orat,
593 3253 716 3321 soilioet
737 3253 848 3320 aoristi
862 3252 1039 3319 indioativo
1053 3271 1075 3316 a
1089 3251 1230 3331 Graeois,

108 3353 291 3438 perfeetivis
319 3371 402 3435 qnae
423 3358 576 3418 vooantur
606 3351 787 3436 praeteritis
808 3372 830 3416 a
850 3349 1056 3430 Slavonibus,
1079 3349 1232 3433 primaria

107 3452 165 3518 illa
185 3450 283 3516 futuri
305 3456 429 3516 tantum
451 3449 522 3516 vioe
543 3449 632 3533 iungi
654 3453 804 3532 poterant
825 3452 858 3512 et
878 3446 924 3512 ita
946 3445 1085 3530 quidem,
1107 3453 1142 3511 ut
1163 3465 1230 3514 rem

107 3549 249 3633 aliquam
276 3553 534 3614 momentaneam
561 3546 699 3612 futuram
720 3542 938 3622 indicarent&
975 3542 1060 3624 unio
1082 3545 1230 3628 sentiam,

110 3645 229 3713 dooebo
263 3644 412 3728 exemplo
446 3645 660 3710 eRussorum
692 3641 804 3726 lingua
834 3641 944 3725 petito.
988 3639 1154 3708 Aradios
1182 3641 1231 3708 da

110 3741 212 3828 (dare)
236 3742 300 3808 duo
322 3748 396 3808 sunt
418 3739 561 3808 themata
582 3740 734 3825 proiecta,
757 3758 890 3821 quorum
912 3757 953 3806 ex
975 3737 1076 3828 aitoro
1092 3737 1231 3805 deduota

177 3969 196 4035 ¹)
213 3959 331 4024 Prorsus
344 3966 458 4023 eundem
470 3981 550 4024 usum
562 3965 689 4037 loquendi
698 3965 848 4022 Gothorum
862 3963 948 4020 inisse
960 3965 1101 4034 proprium
1109 3963 1228 4020 Jacobus

112 4047 212 4106 urinn
229 4047 360 4106 ostendit:
378 4048 517 4104 Deutsohe
535 4047 653 4103 Gramm.
670 4045 709 4100 W
725 4061 785 4116 pag.
806 4050 855 4100 176
874 4061 931 4115 sqq.
