2972 4868
453 449 486 506 de
504 445 714 520 reduplicntlune
730 462 835 516 graeca.
1135 441 1197 504 319

90 621 213 707 erint¹⁴).
256 623 297 690 At
319 643 383 690 non
406 641 533 706 semper
554 623 607 688 lex
629 619 688 686 illa
709 626 780 687 rata
800 619 874 705 lnit3
898 619 988 686 licerit
1009 618 1094 686 euim
1116 617 1198 684 anti·

90 723 185 803 quitus
212 719 343 788 Graecis
379 720 441 786 duo
475 738 686 786 consonarum
721 719 869 786 binarum
905 735 1025 801 genera
1061 715 1198 782 subinde

87 818 207 886 iterare:
243 819 402 902 aspiratae
430 837 549 901 easque
578 838 712 902 quarum
740 817 827 901 prior
854 815 956 888 luite
984 822 1038 890 (σκ
1062 837 1103 880 aa
1126 818 1197 890 σπ).

87 915 161 982 Nam
183 916 395 1000 aspiratarum
417 935 543 1000 quoque
570 916 666 982 binae
688 922 763 982 sunt
790 919 912 1000 partes,
946 931 1087 980 consona
1108 917 1199 976 muta

87 1013 190 1095 altera,
216 1015 319 1100 altera
342 1014 482 1098 spiritus.
527 1014 710 1097 Antiquitus
731 1019 837 1078 autem
861 1019 893 1078 et
913 1010 1028 1095 prioris
1050 1008 1198 1094 syllabae

87 1117 114 1175 et
135 1111 315 1194 posterioris
336 1111 433 1180 luisse
454 1111 613 1195 aspiratus
635 1117 771 1196 apparet.
791 1109 917 1176 collatis
939 1127 998 1174 scr.
1022 1105 1198 1172 dauid-mr

85 1227 126 1290 gr.
148 1212 312 1296 τί-θη-μι.
357 1209 440 1274 Nam
462 1209 592 1292 linguae
614 1208 799 1293 primaevae
822 1207 864 1292 pb
887 1207 927 1272 db
949 1205 988 1270 lib
1011 1205 1101 1272 solae
1123 1223 1198 1268 con·

85 1324 176 1374 senae
197 1307 358 1392 aspiratae
381 1307 516 1394 luerunt,
539 1306 666 1387 uudex
689 1309 756 1392 θφ
781 1305 894 1374 Graeci
917 1305 1099 1372 effecerunt.
1136 1299 1199 1379 Qui

85 1421 147 1468 cum
175 1403 278 1486 pdb
307 1404 427 1472 intacta
459 1405 691 1488 relinquerent,
725 1424 790 1470 non
818 1402 1009 1486 intelligitur
1039 1397 1198 1484 quomodo

84 1503 234 1588 τί-θη-μι
256 1509 358 1568 crtum
381 1501 422 1568 sit
443 1502 561 1570 nisiex
581 1501 788 1566 riba-albdmi.
825 1500 957 1568 Accedit
972 1497 1199 1584 duplicationis

84 1597 197 1665 latinae
219 1599 452 1666 testimonium:
464 1598 523 1682 sc·
541 1600 617 1674 cll-i,
631 1598 812 1682 sesac-act
832 1597 969 1684 (sanim
991 1617 1032 1664 ex
1048 1593 1198 1680 aspiratis
1312 1649 1325 1673 .

83 1694 215 1778 prodiit).
261 1695 363 1776 Quam
401 1697 679 1764 dissimilationem
715 1697 873 1782 incepisse
909 1696 1008 1784 prius!
1033 1715 1128 1778 quam
1163 1693 1197 1758 in

83 1799 188 1860 tenues
220 1795 380 1877 aspiratas
413 1795 523 1878 lingua
552 1795 676 1860 Graeca
706 1802 843 1862 mutaret
873 1794 1031 1878 aspiratus
1063 1789 1197 1874 medias,
1235 1787 1237 1791 ’
1267 1853 1271 1858 .

84 1889 179 1956 elucet
205 1910 226 1958 e
255 1897 405 1978 φέβομαι
433 1897 550 1979 meppia
583 1895 613 1974 ξ.
637 1897 666 1958 5.
692 1894 730 1959 A.
754 1893 790 1958 B.
826 1928 868 1938 -
904 1891 1042 1976 Reliqua
1070 1888 1198 1972 quidem

86 1986 128 2064 (ab
141 1993 232 2074 stup)
255 1990 289 2054 in
312 1989 423 2074 lingua
444 1992 550 2074 getica
572 1992 643 2056 sola
663 1991 835 2057 iterantur:
858 1987 1035 2052 abui-abcisi
1055 1983 1111 2070 (de
1124 1979 1197 2072 epd-

83 2087 204 2169 spoud-c‘
230 2086 315 2169 quud
344 2095 417 2154 sunt
445 2088 498 2172 qui
519 2095 662 2154 statuant
684 2088 723 2154 cl.
746 2089 837 2154 Neue
858 2085 1019 2152 Formenl.
1041 2083 1084 2168 11,
1110 2081 1198 2168 354),

19 2247 21 2262 ,
83 2183 200 2268 collatis
222 2193 329 2250 autem
352 2205 411 2252 scr.
435 2185 572 2250 lubibria
587 2219 628 2238 =
643 2187 698 2251 lat.
721 2186 823 2258 stc-li,
853 2203 913 2250 scr.
941 2181 1132 2259 ίί-εΙιῐΙιᾶ-ηιί
1157 2213 1197 2234 ==

83 2279 167 2346 aend.
190 2281 336 2366 biptd-mi
349 2315 388 2334 =-—
406 2281 572 2370 ἵ-στη-μι,
602 2291 738 2368 apparet
759 2283 928 2367 pristinam
951 2279 1198 2366 duplicationem

83 2375 173 2444 luisse
194 2389 316 2442 stu-atu.
363 2379 475 2464 Neque
497 2402 517 2446 a
538 2381 650 2464 lingua
671 2381 794 2446 Graeca
815 2380 925 2446 aliena
946 2385 1019 2444 sunt
1041 2373 1198 2473 vocabula

82 2475 211 2558 perinde
234 2495 273 2542 ac
295 2496 353 2544 scr.
377 2477 568 2557 ti-slme-mi
590 2477 769 2564 duplicata:

162 2571 378 2660 ε’ίρ-ερ-ος
407 2581 447 2650 (d
470 2578 544 2654 529)
571 2575 707 2642 servitus
734 2575 812 2658 quin
842 2573 882 2640 sit
910 2571 1003 2656 παρὰ
1029 2567 1196 2656 erisipela

83 2669 117 2736 τὸ
140 2671 276 2754 δεσμεῖν
300 2672 390 2750 (Lob.
414 2674 465 2738 El.
487 2674 512 2756 Ι,
539 2677 716 2755 illinet),
747 2671 833 2738 unde
857 2671 954 2736 etiam
976 2690 1113 2747 scr-cus,
1144 2666 1198 2734 vix

83 2775 127 2834 est
149 2768 290 2834 dubium.
334 2769 439 2853 Hujus
467 2777 573 2837 autem
595 2769 734 2836 radicem
758 2788 828 2836 esse
852 2791 931 2853 orep
961 2757 1066 2834 elucet
1088 2785 1129 2832 ex
1150 2766 1197 2832 eis

83 2883 159 2948 quae
180 2867 220 2933 (i.
245 2866 371 2934 Curtius
402 2869 532 2950 collegit
559 2867 602 2932 ad
626 2867 764 2933 Grundz.
788 2867 842 2931 Nr.
867 2870 938 2932 518.
983 2864 1089 2944 Quare
1117 2861 1199 2929 illud

82 2961 203 3030 videtur
235 2984 307 3031 esse
334 2988 550 3052 rap-urap-og
581 2964 638 3048 (an
667 2963 884 3050 rap-rap-og?
921 2970 1003 3046 atla
1025 2980 1198 3028 consonam

82 3069 246 3127 servarunt
261 3061 357 3148 σειρά
374 3061 492 3148 capte),
508 3063 594 3129 unde
609 3059 775 3148 al'p-ap-og
789 3059 908 3145 prodiit
922 3059 1036 3144 prieris
1051 3057 1199 3144 syllabae

81 3157 285 3238 productione
307 3162 514 3246 suppletoria.

163 3257 434 3339 κα-σκάνόιξ·
458 3253 477 3346 ἦ
501 3257 664 3346 γηθυλλίς
680 3256 754 3323 Hes.
777 3257 816 3322 ci.
841 3253 980 3337 σκάνδιξ
1001 3256 1021 3320 i.
1044 3275 1074 3337 q.
1097 3251 1198 3334 λάχα-
1286 3285 1287 3290 ’

83 3373 136 3416 voa
172 3352 289 3438 ἄγριον
326 3353 508 3434 (nadaber
547 3353 737 3439 κράββατον
774 3353 896 3436 Hesi),
934 3371 1016 3437 quae
1052 3351 1199 3435 quamvis

82 3449 311 3532 significatione
333 3453 460 3519 diversa
482 3453 615 3519 contulit
637 3452 675 3518 G.
699 3451 825 3518 Curtius
847 3452 913 3516 KZ.
936 3451 995 3533 111,
1019 3454 1090 3514 414.

164 3556 395 3627 κε-σκί-ον,
420 3558 551 3636 stuppa,
575 3553 612 3617 It
630 3573 686 3616 σκι
708 3553 787 3616 κείω
811 3551 949 3629 (σκειω),
973 3567 1032 3613 scr.
1050 3545 1197 3632 abja-mi,

83 3641 134 3710 lat.
163 3647 330 3712 ‹lc-cci-ccc
353 3640 402 3726 ((3.
429 3647 485 3713 Nr.
502 3653 541 3714 45
555 3648 600 3726 b).
637 3649 905 3712 κο-σκί-νο-ν
929 3645 1084 3728 cribrum,
1107 3643 1200 3728 cujus

85 3796 284 3806 ᾖ*

150 3880 181 3946 ¹⁴)
208 3879 248 3936 cf.
271 3883 361 3934 autem
386 3875 508 3945 ζιζάνιον
534 3881 654 3950 ζιζυφον.
682 3907 715 3916 -
740 3875 915 3946 Peragrapho
942 3875 1043 3945 primae
1069 3871 1199 3928 nonnulle

83 3955 229 4015 addidimus
248 3975 316 4030 quaa
333 3959 448 4015 medium
465 3959 523 4015 fere
539 3960 610 4014 iuter
628 3956 833 4028 duplicationem
850 3957 1016 4026 aequabilem
1029 3959 1056 4010 et
1072 3953 1198 4010 iniminu-

83 4040 134 4092 tam
150 4039 240 4096 locum
257 4046 350 4098 teuent
367 4037 568 4114 (dy-eydpwc).
