2958 4868
337 529 379 585 Da
396 529 530 584 vocalium
548 541 707 598 mascarum
724 497 898 598 hyphaereni.
1123 523 1180 586 101

63 701 266 790 apso-moyes
303 700 469 786 (Herodot.
503 701 554 781 lv,
588 703 660 780 186)
697 700 740 764 al.
777 721 843 765 non
875 719 895 765 a
928 699 1028 782 stirpe
1064 723 1182 784 κρθ-ας

64 803 205 869 derivata
226 807 309 879 sunt,
332 799 390 866 sod
406 819 528 883 ακρεα,
550 795 638 861 idem
661 797 775 864 suadet
798 793 836 862 G.
858 797 970 881 Meyer
991 798 1023 862 in
1046 797 1183 878 ,‚Stud.“

63 903 96 983 V,
118 903 168 965 96.
209 899 317 965 Etiam
339 895 422 981 κρῖᾶ
444 896 485 962 ab
509 895 622 962 eodem
646 918 725 980 κρεο
749 894 878 960 ductum
901 913 973 961 θεεθ
994 913 1184 978 persuasum

63 999 178 1080 habeo,
209 997 255 1061 ita
285 1001 319 1060 ut
347 999 429 1078 κρέα
458 1013 523 1058 non
545 999 612 1058 tam
634 992 677 1058 ad
705 993 901 1076 singularem
924 991 978 1074 qui
1001 997 1050 1058 θεῖ
1072 997 1186 1078 κρέας,

63 1095 114 1161 sod
128 1095 174 1160 ad
196 1093 330 1159 formam
348 1111 432 1176 quae
454 1096 504 1156 θεῖ
525 1087 652 1174 *κρέον
673 1091 843 1174 pertineat.
880 1088 952 1168 Qua
974 1107 1009 1156 re
1029 1089 1109 1155 satis
1131 1109 1186 1156 ex·

62 1191 205 1276 plicatur,
227 1209 283 1254 our
298 1195 345 1255 tot
366 1187 446 1254 locis
461 1185 545 1270 κρέα
560 1187 700 1256 litteram
716 1211 737 1250 α
754 1188 884 1272 brevem
907 1186 1027 1252 habeat
1048 1207 1184 1270 eamque

62 1289 109 1354 vei
137 1307 268 1373 prorsus
297 1286 438 1370 abjicere
471 1286 583 1369 possit.
626 1283 727 1367 Κρέᾶ
755 1275 876 1362 autem,
914 1284 1000 1368 qnod
1028 1287 1185 1370 reperitur

62 1392 91 1452 Δ
109 1392 182 1467 345,
206 1391 243 1450 Χ
263 1387 334 1463 347,
357 1409 376 1448 v
393 1387 465 1462 348,
490 1389 687 1448 contractum
711 1389 759 1448 est
782 1401 822 1448 en
843 1379 978 1466 *κρέαα
999 1403 1057 1468 pro
1079 1379 1184 1468 *κρε-

63 1508 151 1550 ασ-α.
190 1483 314 1550 Eodem
338 1480 422 1566 κρὲᾶ
443 1481 542 1546 utitur
562 1480 765 1564 Antiphanes
786 1479 874 1564 apud
896 1480 1050 1546 Athone
1073 1503 1104 1566 p.
1121 1486 1183 1548 402

55 1583 112 1647 ¹D.:
151 1585 238 1666 κρέᾶ
266 1579 303 1646 δὲ
326 1584 418 1656 τίνος
441 1575 555 1666 ἥδιστ’
581 1573 620 1642 ἂν
648 1576 801 1656 ienitate,
830 1577 893 1643 nisi
921 1579 1184 1650 cum-Meinekio

62 1681 199 1746 seribere
221 1677 324 1744 mavis
347 1681 459 1760 κρέας.
496 1675 637 1742 Tertiam
660 1677 792 1759 stirpem
815 1675 903 1742 vocis
924 1674 1026 1760 κρέας
1048 1678 1186 1761 legimus

62 1781 141 1860 γ33,
168 1775 222 1842 nbi
244 1777 342 1858 longo
364 1774 493 1859 plurimi
516 1781 548 1840 et
570 1773 681 1858 optimi
704 1774 830 1840 codices
853 1773 990 1838 habent:
1015 1771 1106 1840 δαῖτ’
1131 1773 1186 1842 ἐν·

63 1873 236 1958 τυνόμωωι
259 1869 374 1957 κρέατ’
401 1868 522 1936 ὤπτων
545 1867 627 1934 ἄλλα
642 1867 675 1934 τ’
693 1869 842 1956 ἔπειρον.
887 1871 971 1936 Num
994 1870 1077 1956 κρὲἆ
1098 1872 1186 1958 apud

63 1973 183 2039 Atticos
208 1974 242 2037 in
271 1992 330 2036 usn
357 1971 468 2049 fuerit,
506 1969 680 2034 Buttmann
711 1967 778 2045 (Gr.
802 1969 856 2034 Gr.
879 1971 898 2048 ξ
922 1975 962 2035 54
983 1970 1068 2036 Adn.
1092 1974 1122 2047 3)
1151 1971 1186 2038 in

64 2069 190 2136 dubium
213 2074 317 2149 vocat,
340 2067 426 2151 quod
448 2066 596 2133 omnibus
618 2065 697 2132 locis
717 2065 801 2150 κρέᾶ
815 2068 954 2152 synizesi
969 2089 1066 2134 unam
1089 2070 1187 2153 sylla·

63 2167 130 2232 bam
155 2165 288 2250 eifioiat3
325 2165 384 2232 sod
412 2165 549 2248 legimus
575 2163 610 2228 in
632 2165 686 2229 Ar.
709 2161 838 2230 Thesm.
868 2185 898 2230 v.
923 2169 984 2231 558
1007 2161 1095 2250 κρέ’,
1124 2187 1186 2250 quo

64 2263 296 2332 demonstratur
312 2286 333 2326 α
348 2281 420 2328 θεεθ
441 2263 572 2327 brevem
588 2262 684 2328 etiam
699 2262 773 2328 aliis
794 2262 827 2328 in
851 2263 940 2328 locis.
984 2262 1063 2330 Cum
1079 2271 1187 2332 autem
1250 2263 1251 2270 ’

64 2363 93 2428 in
108 2361 224 2430 ceteris
245 2361 377 2426 vocibus
399 2361 434 2424 in
456 2383 496 2436 ας
519 2384 541 2423 α
562 2359 684 2426 vocalis
706 2359 841 2445 pluralis
855 2359 980 2426 numeri
1002 2362 1101 2444 longa
1122 2382 1187 2429 ser·

64 2467 135 2526 vata
157 2460 209 2538 sit,
232 2465 267 2524 ut
288 2457 322 2523 in
343 2454 426 2542 γέρᾶ
453 2457 551 2540 Soph.
575 2458 625 2522 El.
649 2462 726 2540 443,
750 2459 825 2524 Eur.
848 2457 969 2524 Phoen.
993 2462 1071 2537 874,
1102 2457 1188 2544 κέρᾶ

64 2557 181 2624 Mosoh.
202 2557 245 2636 II,
269 2559 319 2635 87,
343 2553 432 2621 σέλῖῐ
446 2555 544 2620 Anth.
567 2555 626 2632 IX,
650 2558 722 2634 289,
744 2553 831 2640 τὲρᾶ
854 2556 910 2621 Ar.
932 2557 1012 2621 Ran.
1039 2560 1129 2636 1343,
1152 2557 1187 2622 in

66 2652 143 2738 κρέᾶ
172 2677 193 2717 α
226 2675 290 2719 non
313 2658 511 2738 potestesse
543 2659 705 2736 correpta,
742 2652 828 2735 quod
856 2653 1034 2718 Buttmann
1062 2653 1186 2734 suadet,

65 2752 166 2833 potius
185 2751 283 2816 etiam
298 2750 428 2816 atticum
443 2748 525 2834 κρέᾶ
539 2749 586 2816 ari
597 2749 728 2833 stirpem
744 2774 823 2831 κρεα
839 2750 1055 2817 ravenantium
1071 2758 1130 2818 θεῖ.

145 2849 286 2914 Invoco
314 2845 396 2932 γέρα
420 2846 507 2931 apud
529 2847 666 2929 Atticos,
691 2853 726 2911 ut
743 2847 813 2930 jam
836 2843 985 2932 exposui,
1016 2873 1038 2912 o
1060 2867 1189 2934 semper

66 2946 217 3028 producta
245 2953 309 3027 θεῖ,
342 2946 376 3010 in
404 2945 572 3011 homericis
607 2945 800 3012 carminibus
829 2952 935 3012 autem
963 2946 1088 3029 brevis,
1130 2948 1189 3012 ita-

68 3063 124 3125 que
153 3041 237 3128 γὲρᾰ
263 3063 329 3108 non
359 3062 399 3108 ex
422 3039 506 3126 γέρᾶ
533 3063 592 3126 pro
615 3041 745 3127 *γέραα
768 3050 948 3127 correptum
978 3063 1050 3111 esse
1071 3050 1188 3130 potest,

68 3141 121 3206 sed
141 3143 183 3208 ab
206 3141 310 3206 altera
331 3141 431 3224 stirpe
452 3163 532 3223 γερα
552 3139 648 3207 debet
663 3159 735 3207 esso
750 3141 939 3224 derivatum,
962 3161 1046 3225 qnae
1060 3143 1190 3208 brevior

68 3238 157 3322 stirps
181 3237 279 3306 etiam
301 3239 336 3303 in
358 3241 566 3324 γερη-φαρία
589 3243 704 3320 exstat,
728 3239 814 3321 quod
836 3239 874 3306 G.
891 3241 1002 3324 Meyer
1018 3241 1039 3304 l.
1056 3260 1083 3305 c.
1098 3260 1130 3324 p.
1147 3243 1188 3305 96

68 3335 165 3402 ailon.
209 3335 323 3418 Neque
346 3334 431 3401 enim
454 3334 623 3400 offensioni
646 3342 710 3418 θεῖ,
739 3337 774 3401 in
802 3337 863 3402 hoo
892 3338 1067 3421 composito
1089 3360 1190 3424 γερη-

70 3439 169 3520 φορία
192 3434 324 3518 stirpem
347 3434 381 3497 in
404 3456 425 3496 α
448 3432 591 3516 reperiri,
613 3451 685 3497 cum
708 3435 896 3517 saepissime
919 3453 1014 3500 voces
1036 3435 1070 3500 in
1092 3459 1113 3499 α
1136 3454 1190 3501 ex·

70 3537 176 3598 euntes
203 3551 276 3596 cum
297 3529 430 3596 vocibus
457 3529 491 3594 in
515 3553 543 3612 o,
572 3549 655 3612 quae
683 3530 726 3595 ad
756 3531 893 3597 eandem
922 3533 1078 3615 originem
1099 3549 1190 3601 revo-

71 3635 183 3710 centur,
213 3630 374 3694 altemare
404 3626 474 3710 jam
502 3646 596 3692 nemo
634 3647 705 3694 osse
736 3629 852 3712 possit,
891 3631 944 3711 qui
972 3637 1084 3715 neget3
1121 3638 1190 3698 tum

72 3726 214 3808 exempla
236 3724 420 3808 hujusmodi
442 3724 475 3788 in
498 3745 706 3808 unaquaque
728 3725 794 3792 fere
815 3726 936 3810 pagina
958 3726 1191 3798 dissertationis

73 3818 109 3884 G.
130 3823 246 3906 Meyeri
279 3823 415 3888 collecta
446 3822 598 3905 reperies.
653 3846 730 3908 γερο
760 3823 891 3907 stirpem
920 3825 1016 3890 etiam
1046 3825 1081 3892 in
1110 3847 1191 3895 voce

71 3914 211 3985 laconica
238 3925 383 4005 γερωχία
414 3919 465 3990 (oi.
488 3920 565 3984 Ahr.
588 3921 627 3986 D.
652 3921 691 3985 D.
714 3921 756 3998 II,
781 3924 833 4000 62)
861 3921 968 3988 inesse
991 3921 1117 3991 Curtius
1138 3945 1191 3992 ma

74 4017 204 4098 monnit3
237 4022 384 4102 γερωχία
407 4018 492 4083 onim
515 4023 710 4083 contractum
733 4025 782 4084 ost
805 4037 844 4084 ex
867 4015 1080 4104 *papo-opto,
1104 4021 1191 4106 quod

76 4115 277 4196 compositum
307 4111 569 4200 θ*γερα-οχα-ς
600 4113 778 4182 derivatum
808 4123 865 4183 θεῖ.
904 4151 943 4163 -
981 4116 1093 4184 σκέπᾶ
1120 4139 1191 4187 θεεθ
