<?xml version="1.0" encoding="UTF-8"?>
<!DOCTYPE html PUBLIC "-//W3C//DTD XHTML 1.0 Transitional//EN"
    "http://www.w3.org/TR/xhtml1/DTD/xhtml1-transitional.dtd">
<html xmlns="http://www.w3.org/1999/xhtml" xml:lang="en" lang="en">
 <head>
  <title>
</title>
<meta http-equiv="Content-Type" content="text/html;charset=utf-8" />
  <meta name='ocr-system' content='tesseract 3.04.00' />
  <meta name='ocr-capabilities' content='ocr_page ocr_carea ocr_par ocr_line ocrx_word'/>
</head>
<body>
  <div class='ocr_page' id='page_1' title='image "./studienzurgriec02vanigoog_0319.png"; bbox 0 0 2972 4868; ppageno 0'>
   <div class='ocr_carea' id='block_1_1' title="bbox 470 405 1219 480">
    <p class='ocr_par' dir='ltr' id='par_1_1' title="bbox 470 405 1219 480">
     <span class='ocr_line' id='line_1_1' title="bbox 470 405 1219 480; baseline -0.004 -13"><span class='ocrx_word' id='word_1_1' title='bbox 470 412 504 467; x_wconf 91' lang='lat' dir='ltr'><strong>de</strong></span> <span class='ocrx_word' id='word_1_2' title='bbox 521 409 734 480; x_wconf 84' lang='lat' dir='ltr'><strong>reduplioau&#39;one</strong></span> <span class='ocrx_word' id='word_1_3' title='bbox 751 426 856 480; x_wconf 83' lang='lat' dir='ltr'><strong>graeca.</strong></span> <span class='ocrx_word' id='word_1_4' title='bbox 1158 405 1219 469; x_wconf 79' lang='lat'><strong>305</strong></span> 
     </span>
    </p>
   </div>
   <div class='ocr_carea' id='block_1_2' title="bbox 39 581 1230 4078">
    <p class='ocr_par' dir='ltr' id='par_1_2' title="bbox 98 581 1225 1334">
     <span class='ocr_line' id='line_1_2' title="bbox 100 581 1221 668; baseline -0.002 -18"><span class='ocrx_word' id='word_1_5' title='bbox 100 592 129 650; x_wconf 91' lang='lat' dir='ltr'><strong>et</strong></span> <span class='ocrx_word' id='word_1_6' title='bbox 163 583 403 668; x_wconf 87' lang='lat' dir='ltr'><strong>interjootiones</strong></span> <span class='ocrx_word' id='word_1_7' title='bbox 431 584 572 666; x_wconf 88' lang='lat' dir='ltr'><strong>reliquas</strong></span> <span class='ocrx_word' id='word_1_8' title='bbox 606 603 739 666; x_wconf 89' lang='lat' dir='ltr'><strong>quarum</strong></span> <span class='ocrx_word' id='word_1_9' title='bbox 768 584 897 668; x_wconf 88' lang='lat' dir='ltr'><strong>syllaba</strong></span> <span class='ocrx_word' id='word_1_10' title='bbox 932 583 1037 648; x_wconf 88' lang='lat' dir='ltr'><strong>finalis</strong></span> <span class='ocrx_word' id='word_1_11' title='bbox 1066 603 1103 650; x_wconf 90' lang='lat' dir='ltr'><strong>eo</strong></span> <span class='ocrx_word' id='word_1_12' title='bbox 1135 581 1221 666; x_wconf 90' lang='lat' dir='ltr'><strong>qnod</strong></span> 
     </span>
     <span class='ocr_line' id='line_1_3' title="bbox 99 681 1222 766; baseline -0.001 -19"><span class='ocrx_word' id='word_1_13' title='bbox 99 681 228 747; x_wconf 76' lang='lat' dir='ltr'><strong>additur</strong></span> <span class='ocrx_word' id='word_1_14' title='bbox 259 707 270 746; x_wconf 89' lang='grc' dir='ltr'><em>ι</em></span> <span class='ocrx_word' id='word_1_15' title='bbox 299 703 411 748; x_wconf 89' lang='lat' dir='ltr'><strong>sonum</strong></span> <span class='ocrx_word' id='word_1_16' title='bbox 443 683 648 748; x_wconf 82' lang='lat' dir='ltr'><strong>intentiorem</strong></span> <span class='ocrx_word' id='word_1_17' title='bbox 676 683 801 766; x_wconf 87' lang='lat' dir='ltr'><strong>aeoipit.</strong></span> <span class='ocrx_word' id='word_1_18' title='bbox 855 684 898 748; x_wconf 84' lang='lat' dir='ltr'><strong>At</strong></span> <span class='ocrx_word' id='word_1_19' title='bbox 926 683 1059 747; x_wconf 92' lang='lat' dir='ltr'><strong>multum</strong></span> <span class='ocrx_word' id='word_1_20' title='bbox 1088 683 1222 748; x_wconf 87' lang='lat' dir='ltr'><strong>interest</strong></span> 
     </span>
     <span class='ocr_line' id='line_1_4' title="bbox 99 779 1222 863; baseline 0.001 -21"><span class='ocrx_word' id='word_1_21' title='bbox 99 780 178 844; x_wconf 85' lang='lat' dir='ltr'><strong>inter</strong></span> <span class='ocrx_word' id='word_1_22' title='bbox 198 789 334 844; x_wconf 72' lang='grc' dir='ltr'><strong><em>πα-παῑ</em></strong></span> <span class='ocrx_word' id='word_1_23' title='bbox 354 788 386 846; x_wconf 88' lang='lat' dir='ltr'><strong>ot</strong></span> <span class='ocrx_word' id='word_1_24' title='bbox 400 779 577 845; x_wconf 50' lang='lat' dir='ltr'><strong>naa-nula</strong></span> <span class='ocrx_word' id='word_1_25' title='bbox 608 779 776 845; x_wconf 82' lang='lat' dir='ltr'><strong>Falluntur</strong></span> <span class='ocrx_word' id='word_1_26' title='bbox 791 782 888 848; x_wconf 91' lang='lat' dir='ltr'><strong>etiam</strong></span> <span class='ocrx_word' id='word_1_27' title='bbox 905 781 958 863; x_wconf 89' lang='lat' dir='ltr'><strong>qui</strong></span> <span class='ocrx_word' id='word_1_28' title='bbox 982 787 1016 846; x_wconf 91' lang='lat' dir='ltr'><strong>ut</strong></span> <span class='ocrx_word' id='word_1_29' title='bbox 1030 781 1096 844; x_wconf 88' lang='lat' dir='ltr'><strong>Leo</strong></span> <span class='ocrx_word' id='word_1_30' title='bbox 1112 779 1222 862; x_wconf 88' lang='lat' dir='ltr'><strong>Meyer</strong></span> 
     </span>
     <span class='ocr_line' id='line_1_5' title="bbox 99 875 1222 960; baseline -0.001 -20"><span class='ocrx_word' id='word_1_31' title='bbox 99 877 130 954; x_wconf 86' lang='lat' dir='ltr'><strong>I,</strong></span> <span class='ocrx_word' id='word_1_32' title='bbox 152 880 214 942; x_wconf 80' lang='grc'><strong>423</strong></span> <span class='ocrx_word' id='word_1_33' title='bbox 250 877 291 940; x_wconf 80' lang='lat' dir='ltr'><strong>do</strong></span> <span class='ocrx_word' id='word_1_34' title='bbox 319 877 411 940; x_wconf 82' lang='lat' dir='ltr'><strong>dbmd</strong></span> <span class='ocrx_word' id='word_1_35' title='bbox 439 877 582 942; x_wconf 75' lang='lat' dir='ltr'><strong>raditum</strong></span> <span class='ocrx_word' id='word_1_36' title='bbox 611 877 835 943; x_wconf 66' lang='lat' dir='ltr'><strong>§autoritatum</strong></span> <span class='ocrx_word' id='word_1_37' title='bbox 864 878 1026 944; x_wconf 84' lang='lat' dir='ltr'><strong>intensiva</strong></span> <span class='ocrx_word' id='word_1_38' title='bbox 1054 875 1222 960; x_wconf 63' lang='lat' dir='ltr'><strong>dodi-juta</strong></span> 
     </span>
     <span class='ocr_line' id='line_1_6' title="bbox 100 973 1221 1058; baseline 0.002 -22"><span class='ocrx_word' id='word_1_39' title='bbox 100 973 319 1058; x_wconf 65' lang='lat' dir='ltr'><strong>damme-jota</strong></span> <span class='ocrx_word' id='word_1_40' title='bbox 348 978 376 1050; x_wconf 73' lang='lat' dir='ltr'><strong>(t</strong></span> <span class='ocrx_word' id='word_1_41' title='bbox 397 1005 436 1026; x_wconf 56' lang='grc' dir='ltr'><strong>ε</strong></span> <span class='ocrx_word' id='word_1_42' title='bbox 460 975 502 1050; x_wconf 79' lang='lat' dir='ltr'><strong>oi)</strong></span> <span class='ocrx_word' id='word_1_43' title='bbox 532 973 634 1054; x_wconf 85' lang='lat' dir='ltr'><strong>[Beni.</strong></span> <span class='ocrx_word' id='word_1_44' title='bbox 659 975 772 1042; x_wconf 89' lang='lat' dir='ltr'><strong>Vollst.</strong></span> <span class='ocrx_word' id='word_1_45' title='bbox 797 975 938 1042; x_wconf 84' lang='lat' dir='ltr'><strong>Gramm.</strong></span> <span class='ocrx_word' id='word_1_46' title='bbox 971 979 1000 1056; x_wconf 69' lang='grc' dir='ltr'><strong>ξ.</strong></span> <span class='ocrx_word' id='word_1_47' title='bbox 1025 979 1076 1054; x_wconf 83' lang='grc'><strong>87,</strong></span> <span class='ocrx_word' id='word_1_48' title='bbox 1101 982 1166 1041; x_wconf 93' lang='lat' dir='ltr'><strong>not.</strong></span> <span class='ocrx_word' id='word_1_49' title='bbox 1191 977 1221 1052; x_wconf 81' lang='lat'><strong>2]</strong></span> 
     </span>
     <span class='ocr_line' id='line_1_7' title="bbox 98 1073 1223 1158; baseline 0.001 -23"><span class='ocrx_word' id='word_1_50' title='bbox 98 1081 303 1156; x_wconf 80' lang='lat' dir='ltr'><strong>eomparant3</strong></span> <span class='ocrx_word' id='word_1_51' title='bbox 340 1074 421 1139; x_wconf 83' lang='lat' dir='ltr'><strong>haee</strong></span> <span class='ocrx_word' id='word_1_52' title='bbox 455 1075 540 1140; x_wconf 88' lang='lat' dir='ltr'><strong>enim</strong></span> <span class='ocrx_word' id='word_1_53' title='bbox 569 1073 684 1157; x_wconf 88' lang='lat' dir='ltr'><strong>prioris</strong></span> <span class='ocrx_word' id='word_1_54' title='bbox 714 1073 862 1158; x_wconf 80' lang='lat' dir='ltr'><strong>syllabae</strong></span> <span class='ocrx_word' id='word_1_55' title='bbox 899 1073 1132 1157; x_wconf 84' lang='lat' dir='ltr'><strong>diphthongum</strong></span> <span class='ocrx_word' id='word_1_56' title='bbox 1169 1091 1223 1136; x_wconf 92' lang='lat' dir='ltr'><strong>ao·</strong></span> 
     </span>
     <span class='ocr_line' id='line_1_8' title="bbox 99 1169 1225 1255; baseline -0.001 -22"><span class='ocrx_word' id='word_1_57' title='bbox 99 1176 253 1252; x_wconf 87' lang='lat' dir='ltr'><strong>oeperunt</strong></span> <span class='ocrx_word' id='word_1_58' title='bbox 273 1189 354 1252; x_wconf 69' lang='lat' dir='ltr'><strong>ymon</strong></span> <span class='ocrx_word' id='word_1_59' title='bbox 375 1178 546 1254; x_wconf 81' lang='lat' dir='ltr'><strong>augmento</strong></span> <span class='ocrx_word' id='word_1_60' title='bbox 570 1172 639 1255; x_wconf 87' lang='lat' dir='ltr'><strong>ejus</strong></span> <span class='ocrx_word' id='word_1_61' title='bbox 662 1191 756 1254; x_wconf 91' lang='lat' dir='ltr'><strong>quam</strong></span> <span class='ocrx_word' id='word_1_62' title='bbox 779 1170 908 1254; x_wconf 81' lang='lat' dir='ltr'><strong>syllaba</strong></span> <span class='ocrx_word' id='word_1_63' title='bbox 930 1171 1034 1236; x_wconf 88' lang='lat' dir='ltr'><strong>altera</strong></span> <span class='ocrx_word' id='word_1_64' title='bbox 1055 1169 1189 1254; x_wconf 87' lang='lat' dir='ltr'><strong>praebet</strong></span> <span class='ocrx_word' id='word_1_65' title='bbox 1211 1171 1225 1232; x_wconf 82' lang='lat' dir='ltr'><strong>i</strong></span> 
     </span>
     <span class='ocr_line' id='line_1_9' title="bbox 99 1267 438 1334; baseline 0.012 -6"><span class='ocrx_word' id='word_1_66' title='bbox 99 1267 219 1332; x_wconf 86' lang='lat' dir='ltr'><strong>vooalis</strong></span> <span class='ocrx_word' id='word_1_67' title='bbox 242 1273 438 1334; x_wconf 88' lang='lat' dir='ltr'><strong>attenuatae.</strong></span> 
     </span>
    </p>

    <p class='ocr_par' dir='ltr' id='par_1_3' title="bbox 97 1363 1225 2229">
     <span class='ocr_line' id='line_1_10' title="bbox 182 1363 1222 1448; baseline -0.004 -19"><span class='ocrx_word' id='word_1_68' title='bbox 182 1363 253 1430; x_wconf 83' lang='lat' dir='ltr'><strong>Nee</strong></span> <span class='ocrx_word' id='word_1_69' title='bbox 281 1365 455 1448; x_wconf 89' lang='lat' dir='ltr'><strong>quidquam</strong></span> <span class='ocrx_word' id='word_1_70' title='bbox 482 1365 614 1432; x_wconf 84' lang='lat' dir='ltr'><strong>eifioitur</strong></span> <span class='ocrx_word' id='word_1_71' title='bbox 647 1366 756 1431; x_wconf 89' lang='lat' dir='ltr'><strong>allatis</strong></span> <span class='ocrx_word' id='word_1_72' title='bbox 788 1365 953 1430; x_wconf 84' lang='lat' dir='ltr'><strong>voeabulis</strong></span> <span class='ocrx_word' id='word_1_73' title='bbox 980 1363 1113 1448; x_wconf 71' lang='lat' dir='ltr'><strong>jejunos</strong></span> <span class='ocrx_word' id='word_1_74' title='bbox 1142 1368 1222 1426; x_wconf 69' lang='lat' dir='ltr'><strong>tator·</strong></span> 
     </span>
     <span class='ocr_line' id='line_1_11' title="bbox 99 1463 1222 1547; baseline 0.001 -21"><span class='ocrx_word' id='word_1_75' title='bbox 99 1479 227 1544; x_wconf 89' lang='lat' dir='ltr'><strong>prorsus</strong></span> <span class='ocrx_word' id='word_1_76' title='bbox 262 1463 420 1545; x_wconf 78' lang='lat' dir='ltr'><strong>obscuris,</strong></span> <span class='ocrx_word' id='word_1_77' title='bbox 439 1483 558 1546; x_wconf 80' lang='lat' dir='ltr'><strong>,neque</strong></span> <span class='ocrx_word' id='word_1_78' title='bbox 585 1463 708 1528; x_wconf 87' lang='lat' dir='ltr'><strong>Pettius</strong></span> <span class='ocrx_word' id='word_1_79' title='bbox 738 1463 945 1547; x_wconf 82' lang='lat' dir='ltr'><strong>(Doppolung</strong></span> <span class='ocrx_word' id='word_1_80' title='bbox 972 1481 1004 1546; x_wconf 91' lang='lat' dir='ltr'><strong>p.</strong></span> <span class='ocrx_word' id='word_1_81' title='bbox 1028 1465 1101 1540; x_wconf 78' lang='lat'><strong>214)</strong></span> <span class='ocrx_word' id='word_1_82' title='bbox 1136 1469 1222 1528; x_wconf 86' lang='lat' dir='ltr'><strong>reete</strong></span> 
     </span>
     <span class='ocr_line' id='line_1_12' title="bbox 97 1557 1224 1644; baseline 0 -22"><span class='ocrx_word' id='word_1_83' title='bbox 97 1557 256 1640; x_wconf 78' lang='lat' dir='ltr'><strong>judicavit</strong></span> <span class='ocrx_word' id='word_1_84' title='bbox 277 1559 475 1625; x_wconf 78' lang='grc' dir='ltr'><strong><em>παι-πάλλω</em></strong></span> <span class='ocrx_word' id='word_1_85' title='bbox 498 1559 568 1626; x_wconf 90' lang='lat' dir='ltr'><strong>rell.</strong></span> <span class='ocrx_word' id='word_1_86' title='bbox 587 1585 599 1624; x_wconf 93' lang='grc' dir='ltr'><em>ι</em></span> <span class='ocrx_word' id='word_1_87' title='bbox 620 1560 697 1626; x_wconf 91' lang='lat' dir='ltr'><strong>inde</strong></span> <span class='ocrx_word' id='word_1_88' title='bbox 719 1563 882 1644; x_wconf 87' lang='lat' dir='ltr'><strong>aooepisse</strong></span> <span class='ocrx_word' id='word_1_89' title='bbox 904 1559 990 1643; x_wconf 90' lang='lat' dir='ltr'><strong>quod</strong></span> <span class='ocrx_word' id='word_1_90' title='bbox 1005 1560 1224 1625; x_wconf 85' lang='lat' dir='ltr'><strong>assuevissent</strong></span> 
     </span>
     <span class='ocr_line' id='line_1_13' title="bbox 100 1653 1222 1744; baseline -0.001 -24"><span class='ocrx_word' id='word_1_91' title='bbox 100 1654 214 1722; x_wconf 79' lang='lat' dir='ltr'><strong>Graeci</strong></span> <span class='ocrx_word' id='word_1_92' title='bbox 246 1657 345 1741; x_wconf 85' lang='lat' dir='ltr'><strong>priori</strong></span> <span class='ocrx_word' id='word_1_93' title='bbox 378 1659 526 1742; x_wconf 87' lang='lat' dir='ltr'><strong>syllabae</strong></span> <span class='ocrx_word' id='word_1_94' title='bbox 560 1658 644 1722; x_wconf 88' lang='lat' dir='ltr'><strong>hano</strong></span> <span class='ocrx_word' id='word_1_95' title='bbox 674 1659 819 1724; x_wconf 86' lang='lat' dir='ltr'><strong>vooalem</strong></span> <span class='ocrx_word' id='word_1_96' title='bbox 849 1659 988 1723; x_wconf 90' lang='lat' dir='ltr'><strong>tribuere</strong></span> <span class='ocrx_word' id='word_1_97' title='bbox 1020 1653 1222 1744; x_wconf 69' lang='lat' dir='ltr'><strong>(ri-dp-prb:</strong></span> 
     </span>
     <span class='ocr_line' id='line_1_14' title="bbox 101 1753 1223 1838; baseline -0.001 -20"><span class='ocrx_word' id='word_1_98' title='bbox 101 1753 148 1818; x_wconf 88' lang='lat' dir='ltr'><strong>oui</strong></span> <span class='ocrx_word' id='word_1_99' title='bbox 181 1773 240 1820; x_wconf 90' lang='lat' dir='ltr'><strong>suo</strong></span> <span class='ocrx_word' id='word_1_100' title='bbox 270 1754 344 1837; x_wconf 89' lang='lat' dir='ltr'><strong>jure</strong></span> <span class='ocrx_word' id='word_1_101' title='bbox 372 1753 443 1838; x_wconf 87' lang='lat' dir='ltr'><strong>jam</strong></span> <span class='ocrx_word' id='word_1_102' title='bbox 476 1755 665 1822; x_wconf 86' lang='lat' dir='ltr'><strong>adversatus</strong></span> <span class='ocrx_word' id='word_1_103' title='bbox 695 1762 744 1822; x_wconf 86' lang='lat' dir='ltr'><strong>est</strong></span> <span class='ocrx_word' id='word_1_104' title='bbox 772 1755 955 1822; x_wconf 70' lang='lat' dir='ltr'><strong>dorlandus</strong></span> <span class='ocrx_word' id='word_1_105' title='bbox 983 1776 1014 1838; x_wconf 93' lang='lat' dir='ltr'><strong>p.</strong></span> <span class='ocrx_word' id='word_1_106' title='bbox 1038 1758 1089 1818; x_wconf 80' lang='grc'><strong>42.</strong></span> <span class='ocrx_word' id='word_1_107' title='bbox 1140 1755 1223 1818; x_wconf 89' lang='lat' dir='ltr'><strong>Nam</strong></span> 
     </span>
     <span class='ocr_line' id='line_1_15' title="bbox 101 1847 1225 1938; baseline 0.002 -25"><span class='ocrx_word' id='word_1_108' title='bbox 101 1869 229 1932; x_wconf 88' lang='lat' dir='ltr'><strong>prorsus</strong></span> <span class='ocrx_word' id='word_1_109' title='bbox 268 1851 427 1918; x_wconf 87' lang='lat' dir='ltr'><strong>eontraria</strong></span> <span class='ocrx_word' id='word_1_110' title='bbox 455 1853 504 1918; x_wconf 88' lang='lat' dir='ltr'><strong>vis</strong></span> <span class='ocrx_word' id='word_1_111' title='bbox 533 1860 582 1919; x_wconf 89' lang='lat' dir='ltr'><strong>est</strong></span> <span class='ocrx_word' id='word_1_112' title='bbox 611 1877 624 1918; x_wconf 91' lang='grc' dir='ltr'><em>ι</em></span> <span class='ocrx_word' id='word_1_113' title='bbox 651 1853 772 1920; x_wconf 89' lang='lat' dir='ltr'><strong>vooalis</strong></span> <span class='ocrx_word' id='word_1_114' title='bbox 805 1853 894 1918; x_wconf 89' lang='lat' dir='ltr'><strong>verbi</strong></span> <span class='ocrx_word' id='word_1_115' title='bbox 924 1856 1048 1938; x_wconf 71' lang='grc' dir='ltr'><strong><em>τίθημι</em></strong></span> <span class='ocrx_word' id='word_1_116' title='bbox 1076 1851 1105 1916; x_wconf 88' lang='lat' dir='ltr'><strong>ei</strong></span> <span class='ocrx_word' id='word_1_117' title='bbox 1138 1847 1225 1933; x_wconf 90' lang='lat' dir='ltr'><strong>quod</strong></span> 
     </span>
     <span class='ocr_line' id='line_1_16' title="bbox 102 1949 1224 2035; baseline -0.002 -21"><span class='ocrx_word' id='word_1_118' title='bbox 102 1951 234 2030; x_wconf 90' lang='lat' dir='ltr'><strong>praebet</strong></span> <span class='ocrx_word' id='word_1_119' title='bbox 269 1949 465 2014; x_wconf 73' lang='lat' dir='ltr'><strong>nar-ndito</strong></span> <span class='ocrx_word' id='word_1_120' title='bbox 490 1973 517 2029; x_wconf 76' lang='grc' dir='ltr'><strong>ις</strong></span> <span class='ocrx_word' id='word_1_121' title='bbox 555 1952 612 2016; x_wconf 95' lang='lat' dir='ltr'><strong>illo</strong></span> <span class='ocrx_word' id='word_1_122' title='bbox 642 1952 726 2017; x_wconf 89' lang='lat' dir='ltr'><strong>enim</strong></span> <span class='ocrx_word' id='word_1_123' title='bbox 759 1950 874 2035; x_wconf 89' lang='lat' dir='ltr'><strong>prioris</strong></span> <span class='ocrx_word' id='word_1_124' title='bbox 907 1951 1054 2034; x_wconf 90' lang='lat' dir='ltr'><strong>syllabae</strong></span> <span class='ocrx_word' id='word_1_125' title='bbox 1081 1949 1224 2031; x_wconf 80' lang='lat' dir='ltr'><strong>gravitas</strong></span> 
     </span>
     <span class='ocr_line' id='line_1_17' title="bbox 102 2044 1224 2131; baseline 0.001 -22"><span class='ocrx_word' id='word_1_126' title='bbox 102 2044 312 2130; x_wconf 89' lang='lat' dir='ltr'><strong>imminuitur,</strong></span> <span class='ocrx_word' id='word_1_127' title='bbox 345 2047 407 2112; x_wconf 89' lang='lat' dir='ltr'><strong>hoo</strong></span> <span class='ocrx_word' id='word_1_128' title='bbox 439 2056 584 2131; x_wconf 80' lang='lat' dir='ltr'><strong>augetur.</strong></span> <span class='ocrx_word' id='word_1_129' title='bbox 627 2047 762 2114; x_wconf 83' lang='lat' dir='ltr'><strong>Aooedit</strong></span> <span class='ocrx_word' id='word_1_130' title='bbox 794 2048 879 2131; x_wconf 90' lang='lat' dir='ltr'><strong>quod</strong></span> <span class='ocrx_word' id='word_1_131' title='bbox 913 2067 988 2131; x_wconf 90' lang='lat' dir='ltr'><strong>pars</strong></span> <span class='ocrx_word' id='word_1_132' title='bbox 1021 2045 1077 2111; x_wconf 85' lang='lat' dir='ltr'><strong>vix</strong></span> <span class='ocrx_word' id='word_1_133' title='bbox 1110 2051 1224 2128; x_wconf 87' lang='lat' dir='ltr'><strong>quarta</strong></span> 
     </span>
     <span class='ocr_line' id='line_1_18' title="bbox 102 2144 897 2229; baseline 0.003 -23"><span class='ocrx_word' id='word_1_134' title='bbox 102 2161 213 2208; x_wconf 83' lang='lat' dir='ltr'><strong>vooum</strong></span> <span class='ocrx_word' id='word_1_135' title='bbox 237 2144 475 2229; x_wconf 78' lang='lat' dir='ltr'><strong>duplicatarum</strong></span> <span class='ocrx_word' id='word_1_136' title='bbox 500 2171 512 2210; x_wconf 89' lang='grc' dir='ltr'><em>ι</em></span> <span class='ocrx_word' id='word_1_137' title='bbox 534 2151 733 2212; x_wconf 87' lang='lat' dir='ltr'><strong>attenuatum</strong></span> <span class='ocrx_word' id='word_1_138' title='bbox 755 2145 897 2211; x_wconf 87' lang='lat' dir='ltr'><strong>exhibet.</strong></span> 
     </span>
    </p>

    <p class='ocr_par' dir='ltr' id='par_1_4' title="bbox 39 2240 1228 3001">
     <span class='ocr_line' id='line_1_19' title="bbox 184 2240 1225 2326; baseline -0.002 -20"><span class='ocrx_word' id='word_1_139' title='bbox 184 2241 301 2324; x_wconf 84' lang='lat' dir='ltr'><strong>Neque</strong></span> <span class='ocrx_word' id='word_1_140' title='bbox 321 2243 397 2308; x_wconf 79' lang='lat' dir='ltr'><strong>lieet</strong></span> <span class='ocrx_word' id='word_1_141' title='bbox 418 2243 572 2326; x_wconf 70' lang='lat' dir='ltr'><strong>suspicari</strong></span> <span class='ocrx_word' id='word_1_142' title='bbox 596 2240 795 2307; x_wconf 77' lang='grc' dir='ltr'><em>παι-πάλλω</em></span> <span class='ocrx_word' id='word_1_143' title='bbox 811 2263 829 2308; x_wconf 87' lang='lat' dir='ltr'><strong>e</strong></span> <span class='ocrx_word' id='word_1_144' title='bbox 844 2241 1019 2307; x_wconf 79' lang='grc' dir='ltr'><strong><em>πι-παλλω</em></strong></span> <span class='ocrx_word' id='word_1_145' title='bbox 1035 2247 1137 2305; x_wconf 85' lang='lat' dir='ltr'><strong>ortum</strong></span> <span class='ocrx_word' id='word_1_146' title='bbox 1155 2257 1225 2305; x_wconf 81' lang='lat' dir='ltr'><strong>esse</strong></span> 
     </span>
     <span class='ocr_line' id='line_1_20' title="bbox 104 2338 1225 2421; baseline 0.004 -22"><span class='ocrx_word' id='word_1_147' title='bbox 104 2359 124 2398; x_wconf 88' lang='grc' dir='ltr'><strong><em>α</em></strong></span> <span class='ocrx_word' id='word_1_148' title='bbox 136 2339 240 2403; x_wconf 88' lang='lat' dir='ltr'><strong>vooali</strong></span> <span class='ocrx_word' id='word_1_149' title='bbox 256 2359 344 2404; x_wconf 88' lang='lat' dir='ltr'><strong>more</strong></span> <span class='ocrx_word' id='word_1_150' title='bbox 359 2341 543 2406; x_wconf 86' lang='lat' dir='ltr'><strong>sanseritioo</strong></span> <span class='ocrx_word' id='word_1_151' title='bbox 558 2343 693 2406; x_wconf 86' lang='lat' dir='ltr'><strong>inserta:</strong></span> <span class='ocrx_word' id='word_1_152' title='bbox 708 2341 788 2406; x_wconf 88' lang='lat' dir='ltr'><strong>mire</strong></span> <span class='ocrx_word' id='word_1_153' title='bbox 803 2341 887 2405; x_wconf 91' lang='lat' dir='ltr'><strong>enim</strong></span> <span class='ocrx_word' id='word_1_154' title='bbox 904 2341 1015 2421; x_wconf 85' lang='lat' dir='ltr'><strong>lingua</strong></span> <span class='ocrx_word' id='word_1_155' title='bbox 1029 2339 1090 2402; x_wconf 81' lang='lat' dir='ltr'><strong>ltao</strong></span> <span class='ocrx_word' id='word_1_156' title='bbox 1101 2338 1225 2404; x_wconf 89' lang='lat' dir='ltr'><strong>ratione</strong></span> 
     </span>
     <span class='ocr_line' id='line_1_21' title="bbox 104 2435 1226 2520; baseline 0.004 -24"><span class='ocrx_word' id='word_1_157' title='bbox 104 2451 123 2496; x_wconf 90' lang='lat' dir='ltr'><strong>a</strong></span> <span class='ocrx_word' id='word_1_158' title='bbox 148 2435 274 2518; x_wconf 89' lang='lat' dir='ltr'><strong>reliqua</strong></span> <span class='ocrx_word' id='word_1_159' title='bbox 302 2435 520 2520; x_wconf 87' lang='lat' dir='ltr'><strong>duplioatione</strong></span> <span class='ocrx_word' id='word_1_160' title='bbox 548 2439 657 2503; x_wconf 88' lang='lat' dir='ltr'><strong>aliena</strong></span> <span class='ocrx_word' id='word_1_161' title='bbox 684 2457 743 2502; x_wconf 89' lang='lat' dir='ltr'><strong>usa</strong></span> <span class='ocrx_word' id='word_1_162' title='bbox 766 2444 849 2502; x_wconf 85' lang='lat' dir='ltr'><strong>esset</strong></span> <span class='ocrx_word' id='word_1_163' title='bbox 877 2443 912 2501; x_wconf 90' lang='lat' dir='ltr'><strong>ut</strong></span> <span class='ocrx_word' id='word_1_164' title='bbox 936 2435 1058 2502; x_wconf 85' lang='lat' dir='ltr'><strong>vooalis</strong></span> <span class='ocrx_word' id='word_1_165' title='bbox 1086 2435 1226 2500; x_wconf 82' lang='lat' dir='ltr'><strong>maxime</strong></span> 
     </span>
     <span class='ocr_line' id='line_1_22' title="bbox 105 2531 1226 2618; baseline 0.002 -24"><span class='ocrx_word' id='word_1_166' title='bbox 105 2537 270 2598; x_wconf 86' lang='lat' dir='ltr'><strong>attenuata</strong></span> <span class='ocrx_word' id='word_1_167' title='bbox 304 2553 413 2600; x_wconf 89' lang='lat' dir='ltr'><strong>rursus</strong></span> <span class='ocrx_word' id='word_1_168' title='bbox 449 2543 629 2618; x_wconf 82' lang='lat' dir='ltr'><strong>augeretur.</strong></span> <span class='ocrx_word' id='word_1_169' title='bbox 673 2535 742 2600; x_wconf 88' lang='lat' dir='ltr'><strong>Neo</strong></span> <span class='ocrx_word' id='word_1_170' title='bbox 781 2533 955 2600; x_wconf 82' lang='lat' dir='ltr'><strong>verisimile</strong></span> <span class='ocrx_word' id='word_1_171' title='bbox 992 2539 1040 2598; x_wconf 89' lang='lat' dir='ltr'><strong>est</strong></span> <span class='ocrx_word' id='word_1_172' title='bbox 1075 2531 1099 2615; x_wconf 84' lang='lat' dir='ltr'><strong><em>j</em></strong></span> <span class='ocrx_word' id='word_1_173' title='bbox 1133 2532 1226 2598; x_wconf 87' lang='lat' dir='ltr'><strong>somi-</strong></span> 
     </span>
     <span class='ocr_line' id='line_1_23' title="bbox 104 2626 1226 2716; baseline 0.004 -27"><span class='ocrx_word' id='word_1_174' title='bbox 104 2631 257 2712; x_wconf 83' lang='lat' dir='ltr'><strong>vooalem,</strong></span> <span class='ocrx_word' id='word_1_175' title='bbox 281 2635 409 2714; x_wconf 91' lang='lat' dir='ltr'><strong>quaein</strong></span> <span class='ocrx_word' id='word_1_176' title='bbox 427 2631 490 2698; x_wconf 91' lang='lat' dir='ltr'><strong>fine</strong></span> <span class='ocrx_word' id='word_1_177' title='bbox 511 2635 735 2716; x_wconf 88' lang='lat' dir='ltr'><strong>plerorumque</strong></span> <span class='ocrx_word' id='word_1_178' title='bbox 750 2629 912 2713; x_wconf 90' lang='lat' dir='ltr'><strong>quondam</strong></span> <span class='ocrx_word' id='word_1_179' title='bbox 927 2630 1037 2695; x_wconf 89' lang='lat' dir='ltr'><strong>audita</strong></span> <span class='ocrx_word' id='word_1_180' title='bbox 1059 2635 1108 2696; x_wconf 83' lang='lat' dir='ltr'><strong>est</strong></span> <span class='ocrx_word' id='word_1_181' title='bbox 1131 2626 1226 2712; x_wconf 80' lang='grc' dir='ltr'>(παι-</span> 
     </span>
     <span class='ocr_line' id='line_1_24' title="bbox 106 2725 1226 2814; baseline 0.002 -26"><span class='ocrx_word' id='word_1_182' title='bbox 106 2726 231 2812; x_wconf 65' lang='lat' dir='ltr'><strong>nal-jo</strong></span> <span class='ocrx_word' id='word_1_183' title='bbox 256 2729 472 2814; x_wconf 77' lang='lat' dir='ltr'><strong>put-pa-jw),</strong></span> <span class='ocrx_word' id='word_1_184' title='bbox 496 2730 531 2795; x_wconf 90' lang='lat' dir='ltr'><strong>in</strong></span> <span class='ocrx_word' id='word_1_185' title='bbox 553 2731 692 2814; x_wconf 89' lang='lat' dir='ltr'><strong>priorem</strong></span> <span class='ocrx_word' id='word_1_186' title='bbox 714 2730 874 2814; x_wconf 89' lang='lat' dir='ltr'><strong>syllabam</strong></span> <span class='ocrx_word' id='word_1_187' title='bbox 897 2727 1064 2812; x_wconf 88' lang='lat' dir='ltr'><strong>epenthesi</strong></span> <span class='ocrx_word' id='word_1_188' title='bbox 1086 2725 1226 2809; x_wconf 88' lang='lat' dir='ltr'><strong>quadam</strong></span> 
     </span>
     <span class='ocr_line' id='line_1_25' title="bbox 105 2821 1228 2912; baseline 0 -24"><span class='ocrx_word' id='word_1_189' title='bbox 105 2821 285 2908; x_wconf 88' lang='lat' dir='ltr'><strong>irrepsisse:</strong></span> <span class='ocrx_word' id='word_1_190' title='bbox 313 2829 470 2894; x_wconf 90' lang='lat' dir='ltr'><strong>nonnulla</strong></span> <span class='ocrx_word' id='word_1_191' title='bbox 485 2829 569 2894; x_wconf 91' lang='lat' dir='ltr'><strong>enim</strong></span> <span class='ocrx_word' id='word_1_192' title='bbox 593 2825 828 2912; x_wconf 79' lang='grc' dir='ltr'><strong><em>(λαιλάπετος,</em></strong></span> <span class='ocrx_word' id='word_1_193' title='bbox 853 2823 1027 2909; x_wconf 71' lang='lat' dir='ltr'><strong>dalboing)</strong></span> <span class='ocrx_word' id='word_1_194' title='bbox 1050 2825 1112 2890; x_wconf 88' lang='lat' dir='ltr'><strong>hae</strong></span> <span class='ocrx_word' id='word_1_195' title='bbox 1134 2825 1228 2889; x_wconf 88' lang='lat' dir='ltr'><strong>litera</strong></span> 
     </span>
     <span class='ocr_line' id='line_1_26' title="bbox 39 2931 379 3001; baseline 0.012 -17"><span class='ocrx_word' id='word_1_196' title='bbox 39 2949 43 2964; x_wconf 90' lang='lat'>·</span> <span class='ocrx_word' id='word_1_197' title='bbox 107 2937 232 3001; x_wconf 87' lang='lat' dir='ltr'><strong>prorsus</strong></span> <span class='ocrx_word' id='word_1_198' title='bbox 261 2931 379 2989; x_wconf 87' lang='lat' dir='ltr'><strong>oarent.</strong></span> 
     </span>
    </p>

    <p class='ocr_par' dir='ltr' id='par_1_5' title="bbox 108 3018 1230 4078">
     <span class='ocr_line' id='line_1_27' title="bbox 187 3018 1226 3104; baseline -0.002 -18"><span class='ocrx_word' id='word_1_199' title='bbox 187 3019 262 3086; x_wconf 88' lang='lat' dir='ltr'><strong>Jam</strong></span> <span class='ocrx_word' id='word_1_200' title='bbox 285 3041 362 3087; x_wconf 88' lang='lat' dir='ltr'><strong>vero</strong></span> <span class='ocrx_word' id='word_1_201' title='bbox 377 3021 503 3088; x_wconf 89' lang='lat' dir='ltr'><strong>videtur</strong></span> <span class='ocrx_word' id='word_1_202' title='bbox 523 3021 659 3104; x_wconf 88' lang='lat' dir='ltr'><strong>alioujus</strong></span> <span class='ocrx_word' id='word_1_203' title='bbox 680 3021 834 3086; x_wconf 83' lang='lat' dir='ltr'><strong>momenti</strong></span> <span class='ocrx_word' id='word_1_204' title='bbox 857 3039 937 3098; x_wconf 89' lang='lat' dir='ltr'><strong>esse,</strong></span> <span class='ocrx_word' id='word_1_205' title='bbox 961 3018 1047 3101; x_wconf 92' lang='lat' dir='ltr'><strong>quod</strong></span> <span class='ocrx_word' id='word_1_206' title='bbox 1068 3019 1102 3082; x_wconf 90' lang='lat' dir='ltr'><strong>in</strong></span> <span class='ocrx_word' id='word_1_207' title='bbox 1124 3019 1226 3084; x_wconf 89' lang='lat' dir='ltr'><strong>inteu-</strong></span> 
     </span>
     <span class='ocr_line' id='line_1_28' title="bbox 108 3113 1226 3202; baseline 0.004 -25"><span class='ocrx_word' id='word_1_208' title='bbox 108 3113 182 3182; x_wconf 77' lang='lat' dir='ltr'><strong>sivis</strong></span> <span class='ocrx_word' id='word_1_209' title='bbox 212 3119 375 3186; x_wconf 80' lang='lat' dir='ltr'><strong>senseritis</strong></span> <span class='ocrx_word' id='word_1_210' title='bbox 408 3122 470 3201; x_wconf 84' lang='lat' dir='ltr'><strong>eis,</strong></span> <span class='ocrx_word' id='word_1_211' title='bbox 511 3139 643 3202; x_wconf 91' lang='lat' dir='ltr'><strong>quorum</strong></span> <span class='ocrx_word' id='word_1_212' title='bbox 680 3119 804 3184; x_wconf 88' lang='lat' dir='ltr'><strong>radioes</strong></span> <span class='ocrx_word' id='word_1_213' title='bbox 838 3118 872 3183; x_wconf 92' lang='lat' dir='ltr'><strong>in</strong></span> <span class='ocrx_word' id='word_1_214' title='bbox 901 3137 1060 3182; x_wconf 77' lang='lat' dir='ltr'><strong>consonas</strong></span> <span class='ocrx_word' id='word_1_215' title='bbox 1088 3115 1226 3198; x_wconf 89' lang='lat' dir='ltr'><strong>liquidas</strong></span> 
     </span>
     <span class='ocr_line' id='line_1_29' title="bbox 109 3209 1228 3300; baseline 0.002 -26"><span class='ocrx_word' id='word_1_216' title='bbox 109 3209 257 3281; x_wconf 84' lang='lat' dir='ltr'><strong>desinunt</strong></span> <span class='ocrx_word' id='word_1_217' title='bbox 280 3214 385 3299; x_wconf 85' lang='lat' dir='ltr'><strong>(Beni.</strong></span> <span class='ocrx_word' id='word_1_218' title='bbox 401 3217 517 3282; x_wconf 89' lang='lat' dir='ltr'><strong>Vollst.</strong></span> <span class='ocrx_word' id='word_1_219' title='bbox 538 3217 592 3283; x_wconf 83' lang='lat' dir='ltr'><strong>Gr.</strong></span> <span class='ocrx_word' id='word_1_220' title='bbox 608 3219 659 3297; x_wconf 59' lang='grc' dir='ltr'><strong>ἐξ.</strong></span> <span class='ocrx_word' id='word_1_221' title='bbox 678 3220 748 3282; x_wconf 87' lang='grc'><strong>168.</strong></span> <span class='ocrx_word' id='word_1_222' title='bbox 774 3214 860 3300; x_wconf 84' lang='grc'>169),</span> <span class='ocrx_word' id='word_1_223' title='bbox 883 3234 981 3297; x_wconf 89' lang='lat' dir='ltr'><strong>saepe</strong></span> <span class='ocrx_word' id='word_1_224' title='bbox 1003 3215 1017 3276; x_wconf 85' lang='lat' dir='ltr'><strong>i</strong></span> <span class='ocrx_word' id='word_1_225' title='bbox 1035 3213 1157 3278; x_wconf 85' lang='lat' dir='ltr'><strong>vooalis</strong></span> <span class='ocrx_word' id='word_1_226' title='bbox 1180 3213 1228 3276; x_wconf 91' lang='lat' dir='ltr'><strong>in-</strong></span> 
     </span>
     <span class='ocr_line' id='line_1_30' title="bbox 109 3307 1227 3400; baseline -0.001 -28"><span class='ocrx_word' id='word_1_227' title='bbox 109 3311 233 3378; x_wconf 84' lang='lat' dir='ltr'><strong>seritur:</strong></span> <span class='ocrx_word' id='word_1_228' title='bbox 256 3316 295 3379; x_wconf 87' lang='lat' dir='ltr'><strong>R.</strong></span> <span class='ocrx_word' id='word_1_229' title='bbox 318 3315 378 3376; x_wconf 83' lang='lat' dir='ltr'><strong>dur</strong></span> <span class='ocrx_word' id='word_1_230' title='bbox 399 3313 567 3396; x_wconf 67' lang='lat' dir='ltr'><strong>dur-idun,</strong></span> <span class='ocrx_word' id='word_1_231' title='bbox 590 3316 628 3380; x_wconf 86' lang='lat' dir='ltr'><strong>R.</strong></span> <span class='ocrx_word' id='word_1_232' title='bbox 649 3335 714 3400; x_wconf 82' lang='lat' dir='ltr'><strong>pon</strong></span> <span class='ocrx_word' id='word_1_233' title='bbox 731 3319 913 3397; x_wconf 69' lang='lat' dir='ltr'><strong>pao-ipon,</strong></span> <span class='ocrx_word' id='word_1_234' title='bbox 936 3313 973 3376; x_wconf 87' lang='lat' dir='ltr'><strong>R.</strong></span> <span class='ocrx_word' id='word_1_235' title='bbox 991 3309 1120 3384; x_wconf 78' lang='lat' dir='ltr'><strong>brulnld</strong></span> <span class='ocrx_word' id='word_1_236' title='bbox 1140 3307 1227 3384; x_wconf 77' lang='lat' dir='ltr'><strong>(kun-</strong></span> 
     </span>
     <span class='ocr_line' id='line_1_31' title="bbox 110 3402 1228 3495; baseline 0.005 -29"><span class='ocrx_word' id='word_1_237' title='bbox 110 3402 198 3476; x_wconf 71' lang='lat' dir='ltr'><strong>bradr</strong></span> <span class='ocrx_word' id='word_1_238' title='bbox 233 3410 434 3495; x_wconf 78' lang='lat' dir='ltr'><strong>lton-i-lrrud3</strong></span> <span class='ocrx_word' id='word_1_239' title='bbox 478 3432 669 3494; x_wconf 87' lang='lat' dir='ltr'><strong>quamquam</strong></span> <span class='ocrx_word' id='word_1_240' title='bbox 705 3411 787 3476; x_wconf 87' lang='lat' dir='ltr'><strong>haee</strong></span> <span class='ocrx_word' id='word_1_241' title='bbox 824 3409 919 3476; x_wconf 88' lang='lat' dir='ltr'><strong>litora</strong></span> <span class='ocrx_word' id='word_1_242' title='bbox 955 3427 1118 3490; x_wconf 90' lang='lat' dir='ltr'><strong>nunquam</strong></span> <span class='ocrx_word' id='word_1_243' title='bbox 1155 3413 1228 3492; x_wconf 86' lang='lat' dir='ltr'><strong>post</strong></span> 
     </span>
     <span class='ocr_line' id='line_1_32' title="bbox 110 3503 1227 3592; baseline 0.002 -24"><span class='ocrx_word' id='word_1_244' title='bbox 110 3507 234 3574; x_wconf 85' lang='lat' dir='ltr'><strong>vooales</strong></span> <span class='ocrx_word' id='word_1_245' title='bbox 255 3510 416 3576; x_wconf 88' lang='lat' dir='ltr'><strong>invonitur</strong></span> <span class='ocrx_word' id='word_1_246' title='bbox 439 3517 471 3575; x_wconf 88' lang='lat' dir='ltr'><strong>et</strong></span> <span class='ocrx_word' id='word_1_247' title='bbox 493 3509 709 3592; x_wconf 78' lang='lat' dir='ltr'><strong>explicatione</strong></span> <span class='ocrx_word' id='word_1_248' title='bbox 725 3514 822 3574; x_wconf 89' lang='lat' dir='ltr'><strong>earet.</strong></span> <span class='ocrx_word' id='word_1_249' title='bbox 853 3506 917 3572; x_wconf 87' lang='lat' dir='ltr'><strong>Sed</strong></span> <span class='ocrx_word' id='word_1_250' title='bbox 933 3503 1079 3588; x_wconf 87' lang='lat' dir='ltr'><strong>quamvis</strong></span> <span class='ocrx_word' id='word_1_251' title='bbox 1093 3507 1227 3570; x_wconf 91' lang='lat' dir='ltr'><strong>multum</strong></span> 
     </span>
     <span class='ocr_line' id='line_1_33' title="bbox 111 3597 1228 3686; baseline 0.004 -24"><span class='ocrx_word' id='word_1_252' title='bbox 111 3597 285 3672; x_wconf 84' lang='lat' dir='ltr'><strong>interoedat</strong></span> <span class='ocrx_word' id='word_1_253' title='bbox 300 3606 491 3672; x_wconf 89' lang='lat' dir='ltr'><strong>disoriminis</strong></span> <span class='ocrx_word' id='word_1_254' title='bbox 500 3607 750 3672; x_wconf 78' lang='lat' dir='ltr'><strong>intentationem</strong></span> <span class='ocrx_word' id='word_1_255' title='bbox 766 3605 984 3671; x_wconf 85' lang='lat' dir='ltr'><strong>sanseritioam</strong></span> <span class='ocrx_word' id='word_1_256' title='bbox 999 3609 1032 3668; x_wconf 88' lang='lat' dir='ltr'><strong>et</strong></span> <span class='ocrx_word' id='word_1_257' title='bbox 1046 3621 1117 3668; x_wconf 88' lang='lat' dir='ltr'><strong>eam</strong></span> <span class='ocrx_word' id='word_1_258' title='bbox 1133 3621 1228 3686; x_wconf 85' lang='lat' dir='ltr'><strong>quam</strong></span> 
     </span>
     <span class='ocr_line' id='line_1_34' title="bbox 113 3700 1228 3786; baseline 0 -22"><span class='ocrx_word' id='word_1_259' title='bbox 113 3715 224 3777; x_wconf 76' lang='lat' dir='ltr'><strong>graeoa</strong></span> <span class='ocrx_word' id='word_1_260' title='bbox 245 3703 358 3786; x_wconf 81' lang='lat' dir='ltr'><strong>lingua</strong></span> <span class='ocrx_word' id='word_1_261' title='bbox 378 3705 529 3785; x_wconf 86' lang='lat' dir='ltr'><strong>instituit,</strong></span> <span class='ocrx_word' id='word_1_262' title='bbox 562 3711 671 3769; x_wconf 87' lang='lat' dir='ltr'><strong>tamen</strong></span> <span class='ocrx_word' id='word_1_263' title='bbox 699 3723 764 3767; x_wconf 92' lang='lat' dir='ltr'><strong>non</strong></span> <span class='ocrx_word' id='word_1_264' title='bbox 792 3701 921 3766; x_wconf 86' lang='lat' dir='ltr'><strong>videtur</strong></span> <span class='ocrx_word' id='word_1_265' title='bbox 943 3700 1067 3765; x_wconf 87' lang='lat' dir='ltr'><strong>absona</strong></span> <span class='ocrx_word' id='word_1_266' title='bbox 1089 3700 1228 3784; x_wconf 91' lang='lat' dir='ltr'><strong>suspioio</strong></span> 
     </span>
     <span class='ocr_line' id='line_1_35' title="bbox 114 3795 1229 3885; baseline 0.006 -29"><span class='ocrx_word' id='word_1_267' title='bbox 114 3810 152 3858; x_wconf 87' lang='lat' dir='ltr'><strong>ex</strong></span> <span class='ocrx_word' id='word_1_268' title='bbox 172 3818 234 3865; x_wconf 89' lang='lat' dir='ltr'><strong>nno</strong></span> <span class='ocrx_word' id='word_1_269' title='bbox 256 3801 345 3867; x_wconf 88' lang='lat' dir='ltr'><strong>fonte</strong></span> <span class='ocrx_word' id='word_1_270' title='bbox 366 3808 533 3885; x_wconf 89' lang='lat' dir='ltr'><strong>utramque</strong></span> <span class='ocrx_word' id='word_1_271' title='bbox 554 3799 753 3885; x_wconf 84' lang='lat' dir='ltr'><strong>profluxisse.</strong></span> <span class='ocrx_word' id='word_1_272' title='bbox 798 3797 882 3862; x_wconf 87' lang='lat' dir='ltr'><strong>Nam</strong></span> <span class='ocrx_word' id='word_1_273' title='bbox 904 3797 918 3858; x_wconf 84' lang='lat' dir='ltr'><strong>i</strong></span> <span class='ocrx_word' id='word_1_274' title='bbox 936 3795 1018 3860; x_wconf 94' lang='lat' dir='ltr'><strong>illud</strong></span> <span class='ocrx_word' id='word_1_275' title='bbox 1040 3796 1074 3860; x_wconf 93' lang='lat' dir='ltr'><strong>in</strong></span> <span class='ocrx_word' id='word_1_276' title='bbox 1097 3797 1229 3862; x_wconf 87' lang='lat' dir='ltr'><strong>vooibus</strong></span> 
     </span>
     <span class='ocr_line' id='line_1_36' title="bbox 114 3892 1228 3982; baseline -0.002 -22"><span class='ocrx_word' id='word_1_277' title='bbox 114 3898 272 3966; x_wconf 71' lang='lat' dir='ltr'><strong>ansanus</strong></span> <span class='ocrx_word' id='word_1_278' title='bbox 299 3899 454 3966; x_wconf 87' lang='lat' dir='ltr'><strong>insertum</strong></span> <span class='ocrx_word' id='word_1_279' title='bbox 481 3905 595 3982; x_wconf 87' lang='lat' dir='ltr'><strong>putare</strong></span> <span class='ocrx_word' id='word_1_280' title='bbox 623 3898 664 3964; x_wconf 91' lang='lat' dir='ltr'><strong>ob</strong></span> <span class='ocrx_word' id='word_1_281' title='bbox 693 3898 798 3979; x_wconf 80' lang='lat' dir='ltr'><strong>legem</strong></span> <span class='ocrx_word' id='word_1_282' title='bbox 826 3892 988 3978; x_wconf 84' lang='lat' dir='ltr'><strong>quandam</strong></span> <span class='ocrx_word' id='word_1_283' title='bbox 1017 3893 1228 3976; x_wconf 87' lang='lat' dir='ltr'><strong>euphonioam</strong></span> 
     </span>
     <span class='ocr_line' id='line_1_37' title="bbox 114 3990 1230 4078; baseline 0.002 -25"><span class='ocrx_word' id='word_1_284' title='bbox 114 3995 235 4059; x_wconf 82' lang='lat' dir='ltr'><strong>vetatur</strong></span> <span class='ocrx_word' id='word_1_285' title='bbox 264 4001 297 4060; x_wconf 88' lang='lat' dir='ltr'><strong>et</strong></span> <span class='ocrx_word' id='word_1_286' title='bbox 326 4016 364 4062; x_wconf 90' lang='lat' dir='ltr'><strong>eo</strong></span> <span class='ocrx_word' id='word_1_287' title='bbox 392 3996 476 4078; x_wconf 90' lang='lat' dir='ltr'><strong>quod</strong></span> <span class='ocrx_word' id='word_1_288' title='bbox 505 3995 619 4061; x_wconf 86' lang='lat' dir='ltr'><strong>eadem</strong></span> <span class='ocrx_word' id='word_1_289' title='bbox 657 3993 776 4060; x_wconf 85' lang='lat' dir='ltr'><strong>vooalis</strong></span> <span class='ocrx_word' id='word_1_290' title='bbox 813 3990 900 4058; x_wconf 85' lang='lat' dir='ltr'><strong>baud</strong></span> <span class='ocrx_word' id='word_1_291' title='bbox 936 4011 1009 4056; x_wconf 89' lang='lat' dir='ltr'><strong>raro</strong></span> <span class='ocrx_word' id='word_1_292' title='bbox 1044 3990 1230 4074; x_wconf 84' lang='lat' dir='ltr'><strong>produoitur</strong></span> 
     </span>
    </p>
   </div>
   <div class='ocr_carea' id='block_1_3' title="bbox 596 2913 599 2920">
    <p class='ocr_par' dir='ltr' id='par_1_6' title="bbox 596 2913 599 2920">
     <span class='ocr_line' id='line_1_38' title="bbox 596 2913 599 2920; baseline 0 0"><span class='ocrx_word' id='word_1_293' title='bbox 596 2913 599 2920; x_wconf 67' lang='grc' dir='ltr'>ι</span> 
     </span>
    </p>
   </div>
   <div class='ocr_carea' id='block_1_4' title="bbox 0 0 1509 4868">
    <p class='ocr_par' dir='ltr' id='par_1_7' title="bbox 0 0 1509 4868">
     <span class='ocr_line' id='line_1_39' title="bbox 0 0 1509 4868; baseline 0 0"><span class='ocrx_word' id='word_1_294' title='bbox 0 0 1509 4868; x_wconf 95' lang='lat' dir='ltr'><strong> </strong></span> 
     </span>
    </p>
   </div>
  </div>
 </body>
</html>
