3020 4866
367 441 410 498 De
427 441 551 499 infinitivi
567 447 719 516 temporum
736 459 788 500 asu
807 443 989 518 Thucydideo.
1025 395 1029 403 Ι
1197 443 1242 506 67

109 619 162 684 est
183 633 305 682 merum
328 616 461 682 verbum
484 615 700 700 promittendi,
724 617 858 701 scriptor
879 618 979 684 verba
1000 617 1070 702 ejus
1092 618 1145 700 qui
1168 639 1242 703 pro·

110 713 210 779 mittit
230 731 289 796 per
309 714 526 801 accusativum
542 733 613 779 cum
628 713 785 780 infinitivo
801 714 951 799 relert¹⁸);
973 715 1028 780 ubi
1044 734 1120 782 vero
1135 717 1241 800 magis

110 809 156 878 ad
178 809 272 876 officii
295 811 463 891 subeundi,
486 808 529 877 ad
551 811 746 896 suscipiendi
768 809 1032 894 significationem
1055 813 1167 897 vergit,
1192 815 1241 882 ita

111 913 151 973 nt·
169 927 364 996 propensum
387 909 526 975 hominis
547 909 736 992 spondentis
750 910 892 976 animum
909 911 1076 994 exprimat,
1100 912 1238 996 simplex

109 1004 290 1072 infinitivus
310 1007 345 1071 in
367 1027 458 1072 usum
484 1003 625 1072 vocatur.

110 1157 264 1224 Of.Hom.
281 1165 313 1222 Z
326 1161 366 1224 93
390 1161 449 1223 καί
470 1157 503 1224 οἱ
526 1151 744 1240 ὑποσχέσθαι
767 1158 969 1226 δυοκαίδεκα
991 1165 1073 1244 βοῦς
1096 1157 1147 1228 ἐνὶ
1170 1167 1240 1252 νηῷ

389 1253 473 1344 ἤνις,
497 1253 650 1344 ἠκέστας,
676 1255 878 1342 ἱερευσέμεν.

279 1355 366 1419 1139
390 1353 508 1432 δείδω,
535 1352 580 1441 μὴ
605 1350 645 1418 οδ
665 1358 717 1430 τίς
739 1378 792 1420 τοι
814 1350 1004 1441 ὑπόσχηται
1025 1353 1104 1422 τόδε
1129 1355 1236 1442 ἔργον,

296 1468 301 1480 ’
390 1447 515 1536 ἄνδρας
539 1451 720 1534 corporeos
736 1452 963 1534 σκοπιαζέμεν
979 1447 1052 1532 οἶος
1067 1451 1236 1534 ἐπελθών.

198 1603 381 1670 Praesentis
417 1603 591 1671 infinitivus
623 1606 740 1688 legitur
776 1605 863 1690 apud
899 1606 1072 1672 Homerum
1109 1611 1141 1672 Β
1166 1612 1235 1674 112.

109 1706 131 1764 Ι
155 1703 204 1766 19.
233 1706 266 1765 K
287 1704 337 1766 39.
374 1707 402 1765 Y
422 1706 472 1768 84.
503 1703 616 1785 1291,
646 1703 792 1783 aoristus,
816 1704 869 1786 qui
892 1723 963 1768 raro
986 1711 1166 1788 usurpatur,
1190 1713 1238 1774 est

108 1799 199 1882 apud
217 1799 466 1883 Xenophontem
490 1800 594 1865 Anab.
617 1801 642 1883 I,
667 1803 696 1880 2,
720 1804 758 1864 21
783 1808 815 1867 et
836 1800 878 1881 II,
902 1805 930 1884 3,
955 1804 1005 1866 20.
1038 1803 1088 1868 *In
1111 1803 1237 1889 Thucy·

109 1895 199 1962 didis
232 1897 312 1962 libro
342 1918 406 1962 uno
434 1899 506 1963 loco
534 1897 747 1980 dubitaveris,
784 1898 922 1966 futurine
949 1897 1157 1984 infinitivum,
1194 1921 1236 1968 an

108 1995 222 2061 aoristi
244 2015 284 2062 cx
305 1990 548 2075 ὑπισχνεῖσθαι
571 1995 714 2079 pendere
743 1995 846 2061 dicas:
883 1996 909 2078 Ι,
932 2001 983 2078 58,
1009 2001 1023 2061 1
1048 1991 1235 2079 ὑπέσχοντο

109 2091 237 2172 αὐτοῖς,
262 2088 301 2179 ἢν
325 2091 384 2158 ἐπὶ
406 2091 598 2158 Ποτίδαιαν
620 2091 717 2158 ἰ’ωσιν
732 2090 927 2180 Ἀθηναῖοι,
951 2092 987 2171 ἐς
1009 2092 1069 2182 τὴν
1087 2091 1236 2181 Ἀττικὴν

108 2188 275 2273 depulsor.
319 2191 398 2257 Cum
420 2210 496 2256 vero
518 2181 745 2273 ὑπισχνοῦμαι
767 2191 956 2274 saepissime
976 2191 1133 2273 futurum,
1156 2194 1237 2260 aori·

107 2295 194 2355 stum
209 2290 371 2356 rarissime
385 2289 529 2371 recipiat,
553 2308 687 2371 cumque
706 2289 859 2354 solemnis
870 2288 1084 2372 jurisjurandi
1100 2289 1238 2356 formula

108 2387 243 2453 maximi
266 2388 306 2453 sit
327 2385 497 2468 momenti,
528 2383 680 2470 ἒςβαλεῑν
703 2385 842 2450 luturum
864 2387 971 2470 potius
993 2385 1236 2454 existimaveris.

196 2485 269 2551 Jam
292 2491 482 2568 perventum
506 2491 555 2550 est
576 2483 618 2548 ad
641 2504 680 2550 ea
702 2484 868 2566 exempla,
899 2502 981 2565 quae
1002 2484 1156 2550 acrisium
1177 2505 1236 2568 pro

106 2585 216 2650 futuro
244 2583 395 2648 videntur
423 2581 586 2648 exhibere.
631 2583 681 2647 De
710 2581 772 2645 hac
794 2580 982 2662 quaestione
1004 2588 1070 2646 tam
1092 2582 1236 2646 multaa

106 2680 189 2748 viris
205 2681 307 2748 doctis
322 2686 396 2746 sunt
417 2681 554 2763 prolata,
578 2686 705 2763 praeter
720 2689 843 2744 ceteros
858 2697 879 2742 a
893 2677 1056 2761 Madvigio
1072 2677 1105 2743 in
1122 2677 1236 2746 disser-

106 2780 233 2844 tatione
255 2778 322 2860 illa,
346 2797 441 2859 quam
464 2796 563 2860 saepe
584 2777 797 2857 laudavimus,
820 2781 855 2841 ut
878 2775 919 2841 de
934 2794 969 2841 re
984 2775 1152 2842 notissima
1174 2775 1236 2843 dis·

107 2895 217 2943 serere
250 2874 460 2959 supersedero
492 2875 667 2958 possimus3
705 2880 864 2954 attamen,
902 2893 984 2947 cum,
1006 2872 1040 2937 in
1072 2873 1235 2940 nonnullis

108 2975 274 3057 Madvigio
296 2973 446 3040 assentiri
468 2991 637 3055 nequeam,
660 2973 727 3038 alia
740 2991 827 3053 vero,
851 2989 934 3054 quae
948 2977 1034 3036 reete
1048 2969 1234 3054 disputavit,

106 3071 203 3137 novis
217 3071 351 3138 forsitan
366 3071 562 3155 argumentis
578 3069 818 3136 confirmaturus
836 3068 906 3151 sim,
930 3067 1048 3132 addam
1064 3085 1234 3151 perpauca.

108 3171 151 3235 Et
187 3169 326 3254 primum
363 3168 490 3252 quidem
526 3169 728 3251 imperiosius
764 3187 831 3234 rem
868 3166 1018 3249 transigit
1053 3165 1235 3248 Madvigius

108 3265 197 3351 (pag.
221 3265 295 3351 41),
325 3267 444 3351 rejecto
466 3264 623 3330 infinitivo
646 3266 756 3330 aoristi
784 3269 858 3348 post
879 3259 1120 3345 ὑπισχνοῦμαι,
1148 3256 1242 3327 ὑπο·

110 3364 254 3446 δέχομαι
275 3371 308 3430 et
330 3359 500 3451 ὁμολογέω
523 3367 632 3444 verba,
655 3362 804 3445 aquibus
819 3381 884 3428 non
899 3361 1041 3426 alienam
1057 3377 1128 3426 esse
1149 3359 1235 3424 hanc

107 3468 302 3530 structuram
325 3462 420 3528 modo
443 3461 740 3530 demonstravimus.
783 3458 927 3540 Deinde,
957 3456 1041 3541 quod
1069 3456 1111 3540 de
1132 3455 1234 3522 infini-

108 3561 166 3626 tivi
189 3560 368 3644 pracsentis
390 3581 449 3626 usu
472 3561 557 3642 dicit,
580 3581 645 3625 non
664 3565 713 3624 est
734 3555 945 3642 probandum.
975 3556 1133 3621 Praesens
1148 3553 1233 3620 enim

111 3659 151 3724 ab
173 3657 289 3724 iisdem
318 3658 426 3724 verbis
453 3666 564 3742 aptum
592 3658 678 3723 idem
701 3653 882 3736 Madvigius
910 3673 975 3718 non
1004 3652 1140 3735 respuit,
1174 3652 1233 3720 scd

111 3756 207 3838 longe
236 3755 309 3820 aliis
337 3757 441 3822 causis
470 3763 644 3821 commotus
674 3773 713 3818 ac
741 3771 809 3818 nos.
867 3750 921 3817 Sic
950 3749 1034 3815 enim
1069 3755 1155 3833 (pag.
1178 3753 1231 3827 31)

111 3853 333 3918 ratiocinatur:
356 3856 451 3936 „Den
466 3850 677 3936 Gegenstand
700 3851 789 3916 eines
800 3847 1038 3931 Verspreohens
1053 3846 1132 3912 oder
1145 3846 1234 3914 einer

116 3984 312 3998 h*—

183 4053 213 4118 ¹³)
231 4052 266 4107 ci.
285 4051 363 4109 Hom.
383 4059 404 4106 a
422 4059 478 4109 341.
498 4059 519 4105 Ζ
538 4058 578 4108 93.
597 4057 654 4108 274.
674 4056 700 4104 Ν
718 4055 774 4106 366.
794 4053 853 4104 368.
872 4053 899 4100 Χ
919 4053 975 4102 114.
994 4046 1055 4103 (id.
1075 4047 1089 4099 λ
1106 4051 1164 4102 291.
1229 4067 1232 4076 “

989 4134 1026 4188 5*
