2972 4868
279 436 344 501 318
769 395 911 496 sumens

367 611 647 698 reip-rrip-pr,
662 609 889 693 πιμ-πλά-ναι
903 609 997 698 (dial.
1009 609 1076 676 dor.
1088 630 1214 695 quoque
1226 636 1245 698 η
1258 613 1408 696 praebet,

281 729 311 776 v.
335 709 414 776 Aur.
439 707 524 794 13¹),
547 710 804 792 πιμ-πλέ-ω,
827 706 1169 792 nup-fridricus
1189 714 1262 774 sunl
1284 709 1408 777 radicis

279 806 445 884 rui-sitris,
459 809 506 884 -ν)
528 807 567 872 ci.
583 825 641 873 scr.
657 808 832 891 piper-mi.
854 843 897 854 -
919 804 1113 894 ἐμπίπλημι
1128 827 1229 890 prcs.;
1250 807 1407 894 πίπλημι

280 909 392 990 (poet.)
426 911 534 970 autem
563 904 641 970 vitio
670 905 873 970 librariorum
901 904 936 970 in
962 903 1061 970 libros
1086 902 1232 970 oratione
1259 903 1407 988 pedestri

277 1002 476 1086 conscriptos
497 1000 634 1085 irrepsit,
664 1001 742 1068 Lob.
764 1002 885 1087 Phryn.
907 1004 959 1066 95.

368 1129 650 1211 πίμ-πρη-μι,
679 1122 987 1208 πιμ-πρά-ναι,
1017 1125 1054 1189 Β.
1077 1147 1144 1207 προ
1166 1145 1238 1205 προ
1266 1121 1301 1210 (η
1324 1124 1406 1190 Ahr.

281 1225 357 1384 thr.
380 1220 479 1386 liriss'
517 1219 718 1307 ἔμνῑιντράω,
755 1219 984 1308 ἐνεπίμπρων.
1016 1255 1059 1268 -
1094 1220 1133 1287 ci.
1156 1220 1312 1303 palaccsl.
1347 1242 1406 1306 pe·

274 1340 320 1408 pc
330 1341 366 1383 -u
471 1367 479 1384 .

366 1441 469 1508 Voces
496 1441 592 1525 igitur
620 1447 747 1526 praeter
774 1441 950 1528 πίμπλημι
977 1445 1155 1528 πίμπρημι
1182 1443 1339 1523 κὶγκραμι
1363 1444 1401 1503 21

280 1547 393 1608 extant
420 1559 552 1624 quarum
574 1539 699 1606 radices
726 1544 801 1605 sunt
830 1539 1001 1605 schematis
1023 1560 1048 1600 c.
1072 1560 1099 1602 o.
1123 1537 1160 1602 l:
1198 1536 1249 1612 (ci.
1271 1557 1303 1620 p.
1326 1537 1402 1613 313)

209 1623 217 1644 Κ
276 1634 457 1724 βομβρύζω
473 1635 514 1716 ri)
536 1633 807 1720 βομβοιλοδὸνας
823 1635 863 1714 (i)
885 1633 1072 1722 yoyyclij
1095 1631 1310 1720 (ydyyltov?)‚
1331 1656 1403 1718 yoy-

278 1732 421 1820 γλισμός
456 1731 664 1819 γιγγρασμός
699 1731 859 1818 γογγύλος
897 1731 1062 1810 δάνδαλος
1091 1731 1133 1809 (i)
1172 1729 1330 1807 δανόαλίς
1363 1730 1401 1810 (l)

280 1832 443 1898 δενδίλλω
481 1830 639 1915 δένδρεον
673 1831 723 1902 (cf.
748 1829 841 1915 dopo)
877 1829 1041 1914 κάγχαλος
1072 1835 1211 1913 κέγχρος
1246 1829 1402 1912 κιγκαλος

279 1929 408 2016 mystis
431 1927 628 2016 νῑαμφαλάω
650 1926 863 2014 νεαμφολύζω
885 1927 926 2008 (Β)
948 1927 1124 2010 νοέμπελος
1143 1925 1183 2004 (i)
1207 1923 1402 2008 τανθαρίζω

279 2025 545 2093 τανταλάοοεται
577 2023 749 2102 Τάνταλος
785 2023 999 2108 τονθορύζω,
1036 2045 1168 2108 quorum
1205 2043 1246 2090 ea
1278 2041 1402 2106 quoque

278 2145 363 2210 quae
385 2123 425 2204 (l)
454 2124 545 2208 signo
574 2123 771 2205 notavimus,
808 2123 836 2188 si
865 2121 994 2206 quidem
1024 2121 1188 2206 duplicata
1215 2127 1306 2202 sunt,
1341 2121 1402 2185 huc

280 2225 442 2309 pertinent
465 2219 709 2304 (βομβρὺζωῗ);
737 2220 861 2304 reliqua
882 2225 989 2286 autem
1012 2223 1078 2299 (12)
1101 2223 1175 2285 sunt
1196 2217 1400 2302 βαμβραδών

277 2317 429 2406 desieris
457 2317 640 2403 ννὲννοννα
668 2320 802 2404 alarios
830 2321 867 2398 (il
896 2317 1074 2402 νίννλννος
1102 2313 1296 2401 locedien
1324 2337 1400 2400 νον-

278 2414 388 2504 γρώνη
419 2413 606 2502 κιγκράμος
628 2413 821 2500 κιγχλιομός
848 2416 1003 2500 μέμβραξ
1024 2411 1236 2501 πεμφρηδών
1258 2419 1400 2499 τενθρη-

280 2513 359 2594 coto,
383 2533 465 2598 quae
487 2514 596 2580 omnia
618 2521 692 2579 sunt
714 2533 739 2578 c.
763 2513 784 2578 l.
806 2533 834 2577 o.
857 2511 1038 2578 schematis.

823 2817 860 2882 B.

364 2953 441 3020 Tria
468 2960 542 3020 sunt
571 2953 612 3019 de
639 2952 754 3035 quibus
782 2951 845 3016 huc
871 2971 973 3034 usque
998 2949 1234 3035 disputavimus
1259 2951 1396 3018 radicum
1480 3005 1481 3014 ,

279 3051 513 3136 duplicatarum
535 3069 670 3134 genera,
704 3068 787 3132 quas
814 3048 943 3130 quidem
969 3049 1074 3114 notari
1102 3056 1237 3134 possunt
1257 3048 1397 3116 formulis

277 3154 334 3233 βα,
356 3144 409 3231 ἀρ,
431 3153 497 3232 βαρ
521 3153 621 3232 (βρα).
664 3147 783 3215 Eanum
811 3153 918 3213 autem
940 3165 1022 3229 quac
1050 3153 1106 3212 aut
1126 3145 1168 3213 sb
1190 3146 1284 3214 initio
1304 3153 1398 3212 aula
1480 3231 1481 3234 Ἴ

278 3245 342 3314 dne
373 3245 458 3312 binis
490 3245 640 3312 consonis
666 3251 742 3312 sunt
772 3243 954 3327 praeditae,
987 3244 1078 3310 nulla
1109 3243 1270 3326 integram
1300 3241 1397 3328 dupli·

276 3344 436 3410 sationem
459 3343 601 3427 praebet.
645 3341 744 3425 Cujus
766 3341 847 3424 legis
869 3341 950 3408 ratio
971 3340 1162 3424 intelligitur
1183 3361 1226 3407 ex
1250 3339 1297 3407 eis
1319 3357 1395 3423 quae
1480 3385 1481 3402 r

191 3491 192 3494 ,
278 3441 461 3508 Lobeckius
475 3441 598 3506 monuit
613 3439 655 3506 de
669 3439 849 3524 praeceptis
864 3439 1051 3523 euphoniois
1065 3438 1171 3504 Paral.
1186 3439 1240 3503 18:
1263 3435 1393 3520 „Graeci

277 3539 366 3608 haud
388 3539 483 3606 facile
504 3537 704 3605 committunt
725 3543 760 3602 ut
781 3535 913 3604 easdem
936 3535 1017 3602 duas
1038 3555 1198 3604 consonas
1219 3536 1253 3602 in
1277 3535 1392 3602 duabus

271 3636 437 3708 *continuis
452 3635 587 3722 syllabis
609 3636 734 3700 iterent.
765 3633 892 3700 Etenim
914 3634 1038 3700 nullum
1058 3639 1108 3700 cst
1128 3632 1194 3698 illis
1209 3632 1390 3700 vocabulum

277 3734 415 3819 simplex
444 3741 476 3800 et
507 3732 718 3816 primitivum,
751 3731 838 3814 quod
865 3750 936 3796 cum
964 3730 1074 3797 latinis
1102 3731 1216 3812 redeo,
1248 3729 1390 3815 propriu

278 3831 456 3916 comparari
478 3831 595 3913 possit,
629 3827 762 3894 nonita
783 3829 884 3894 multa
905 3845 988 3910 quae
1013 3847 1085 3894 cum
1107 3828 1287 3894 uernaculis
1308 3823 1388 3914 Sol(-

276 3929 384 4000 stand,
423 3926 633 4010 dreidrrithip‚
671 3923 944 3988 unormdleiblicd.“
990 3924 1084 3992 Unde
1119 3925 1307 4010 perspicitur
1338 3937 1388 3984 cur

276 4045 319 4092 ex
355 4021 416 4089 dia
454 4022 545 4111 φλοδ
582 4021 754 4106 duplicatis
788 4019 909 4086 cii-cla
942 4021 1102 4108 πα-φλαδ
1136 4022 1266 4106 prodire
1298 4017 1387 4086 debu·
