2972 4868
273 462 336 525 296
762 463 902 518 Fritzsche

274 641 392 706 Earum
422 643 529 702 autem
559 655 641 718 quae
669 641 725 702 aut
752 637 794 701 ab
823 637 915 702 initio
937 641 993 700 aut
1014 655 1035 699 a
1056 633 1119 700 fine
1141 634 1290 699 consonis
1315 633 1404 699 binis

273 743 348 803 sunt
370 734 547 820 praeditae,
570 734 661 798 nulla
675 734 833 816 integram
849 733 1098 816 duplicationem
1113 731 1255 815 praebet
1290 731 1407 810 Quare

233 836 234 840 ’
275 835 316 901 de
338 834 443 917 priore
466 832 594 914 quidem
621 850 739 914 genere
760 831 844 898 inira
867 831 1025 911 dieamus,
1056 828 1096 895 de
1117 831 1165 896 eis
1185 836 1291 895 autem
1318 850 1407 912 quae

273 933 308 998 in
345 931 426 997 duas
462 950 619 996 consonas
662 929 813 994 desinunt
849 928 926 1010 quid
965 927 1171 993 statuendum
1205 928 1246 992 sit
1283 928 1407 996 melius

274 1029 445 1114 apparebit
467 1047 538 1093 euru
560 1029 593 1092 in
616 1027 774 1110 ejusmodi
797 1027 931 1092 verbum
953 1025 1222 1108 inquisiverimus.

361 1122 659 1210 δαρ-δάνι-τ-ιο
688 1124 774 1188 idem
797 1123 954 1206 estquod
977 1119 1110 1201 δάπτω,
1134 1122 1219 1187 οοάο
1240 1143 1409 1204 gramma-

274 1225 407 1290 tieorum
430 1223 658 1289 nonnullorum
680 1222 819 1304 suspieio
835 1229 904 1286 orta
927 1229 975 1287 est
996 1219 1094 1304 priori
1115 1221 1262 1303 syllabae
1285 1247 1304 1304 ρ
1333 1241 1410 1287 oon·

275 1343 387 1388 aonam
411 1321 609 1387 extrinseeus
622 1319 766 1384 additam
788 1337 860 1384 esse
874 1319 917 1384 ad
938 1317 1146 1384 *δα-δάπτω
1167 1320 1409 1386 intendendum

275 1420 421 1500 (Passow
451 1419 530 1484 Lex.
557 1439 582 1483 s.
611 1417 657 1482 lit.
682 1416 732 1500 ρ),
770 1417 822 1480 vel
853 1443 879 1480 π
906 1437 1069 1483 consonae
1095 1420 1166 1483 loeo
1195 1419 1410 1500 subrogatam

276 1514 526 1596 (δαπ-δανιτιο),
564 1535 634 1579 oum
670 1514 718 1579 νιδ
747 1516 860 1582 literae
888 1516 1094 1581 insooiabiles
1126 1517 1189 1581 sint
1225 1515 1322 1600 (Lob.
1361 1517 1409 1581 El.

276 1613 302 1696 Ι,
329 1615 414 1697 159).
458 1612 599 1691 Quorum
622 1613 816 1679 mentionem
839 1633 904 1677 non
926 1613 1073 1679 ieoissem
1087 1639 1163 1696 -ρ
1187 1613 1409 1697 euphonieum

278 1711 363 1777 enirn
386 1711 489 1776 estin
512 1711 637 1793 priseae
658 1713 737 1776 artis
759 1711 872 1776 serutis
894 1747 936 1757 —
960 1711 1023 1776 nisi
1046 1711 1187 1794 Buggius
1208 1731 1281 1776 oum
1302 1713 1408 1777 verbo

277 1809 334 1872 illo
356 1827 459 1891 nuper
481 1806 562 1891 (KZ.
589 1811 637 1885 19,
661 1809 737 1892 427)
766 1815 983 1891 comparasset
1005 1827 1064 1874 sor.
1085 1807 1333 1893 γὀά-ῥιδά-γόιδ
1358 1810 1408 1894 (R

276 1903 420 1990 domiti!
442 1941 484 1950 —-
511 1906 624 1988 Neque
645 1905 680 1969 id
702 1905 787 1988 quod
809 1905 929 1990 plaouit
952 1905 1056 1972 Pottio
1083 1907 1294 1991 (Doppelung
1316 1907 1409 1990 212),

279 2002 318 2068 G.
342 2001 449 2068 Curtio
471 2002 581 2086 (Verb.
604 2003 630 2084 I,
647 2003 724 2086 238)
746 2001 992 2088 [ὄαρ-δάπ-τ-οι
1014 2037 1056 2056 =
1077 2005 1114 2068 lb.
1135 2002 1197 2088 δαρ
1221 2000 1409 2092 (ἒ-δάρ-ην)

278 2109 320 2179 -l-
341 2102 378 2166 R.
403 2099 474 2164 δανι
495 2097 685 2179 (δάνι-τ-ω)]
715 2101 842 2167 videtur
863 2101 1007 2166 veritatis
1029 2101 1137 2184 speeie
1158 2099 1228 2166 niti.
1273 2103 1408 2168 Nullum

196 2223 199 2230 ’
280 2197 366 2265 enim
395 2205 483 2264 extat
510 2203 631 2264 eertum
659 2198 793 2264 duarum
822 2197 968 2264 radicum
995 2198 1030 2262 in
1052 2219 1149 2264 unam
1170 2206 1407 2266 contractarum

280 2297 474 2380 exemplum,
496 2314 602 2377 neque
624 2315 701 2362 easu
721 2295 840 2362 aooidit
861 2294 947 2379 quod
969 2314 1033 2360 non
1057 2315 1175 2378 graeca
1201 2297 1314 2380 lingua
1338 2299 1407 2364 sola

280 2413 462 2476 nunquam,
499 2399 534 2458 ut
561 2391 702 2475 videtur,
740 2395 839 2459 verbo
868 2393 1000 2459 verbum
1022 2393 1150 2459 addidit
1171 2396 1404 2478 componendo,

280 2491 339 2558 sed
359 2492 490 2574 linguae
509 2510 620 2557 omnes
633 2490 925 2574 indegermanioae,
947 2491 1024 2557 solis
1039 2493 1182 2575 exeeptis
1194 2493 1301 2558 verbis
1318 2494 1404 2558 anni·
1484 2487 1485 2498 ’

280 2588 413 2654 liaribus
436 2610 479 2666 οι,
502 2587 552 2672 γὀ,
577 2588 638 2651 dha
661 2586 715 2671 (G.
731 2587 857 2654 Curtius
878 2609 904 2654 n.
921 2587 1071 2654 chronol.
1088 2588 1120 2652 d.
1137 2589 1320 2671 Indogerm.
1335 2589 1401 2673 Spr.

281 2707 312 2770 p.
337 2683 424 2769 207).
469 2684 527 2750 Cui
549 2685 614 2768 legi
636 2707 702 2750 non
723 2694 906 2769 repugnant
929 2709 1082 2771 στρεφε-,
1106 2708 1267 2772 στροφο-,
1289 2712 1401 2769 τροχο-

283 2781 399 2865 δινεῑν,
421 2794 633 2867 μαρ-ανγεῖν,
658 2777 910 2867 δρ-αογιῖοθαι,
933 2803 1065 2865 quorum
1082 2803 1158 2866 pars
1174 2785 1263 2867 prior
1276 2787 1400 2848 nomiari

282 2880 353 2945 vioe
381 2880 533 2963 iungitur.
576 2880 668 2948 Neve
695 2881 736 2945 sit
758 2882 812 2962 qui
840 2879 972 2948 baereat
992 2881 1026 2946 in
1049 2879 1240 2964 φαγέδαινα
1263 2883 1401 2948 substan-

282 2979 366 3060 tivo,
400 2977 488 3060 quod
514 2977 642 3044 videtur
669 2977 794 3046 duabus
821 2978 983 3044 radioibus
1010 2980 1200 3062 synonymis
1222 3003 1294 3066 φαγ
1315 2987 1348 3046 et
1369 2977 1400 3045 ἒδ
1483 2991 1484 3058 J

283 3075 464 3158 eonjunetis
485 3074 571 3140 idem
594 3073 774 3158 significare
789 3074 881 3167 quod¹
897 3076 1000 3141 altera
1022 3075 1131 3142 radiae
1152 3077 1203 3144 bis
1225 3079 1330 3161 posita
1351 3075 1399 3143 ed·
1483 3059 1484 3096 ¹

231 3247 233 3258 Ι
284 3171 408 3260 ηδ-ών·
442 3171 632 3260 φαγέδαινα
661 3172 737 3238 Hes.
760 3173 812 3238 vel
836 3172 975 3258 simplex
1005 3171 1172 3259 φάγαινα·
1207 3173 1397 3260 φαγέδαινα,

285 3268 387 3347 νόσος
416 3277 511 3356 φῦμα
539 3269 685 3346 ἑλκῶδες
715 3267 898 3351 νεμόμενον
927 3269 1019 3354 (id),
1057 3271 1115 3336 sed
1144 3271 1342 3356 duplicatum
1362 3269 1398 3334 ad

284 3368 495 3452 posteriorum
528 3368 716 3452 scriptorum
751 3362 898 3432 ὁλάπαοι
926 3369 947 3432 i.
970 3389 1001 3451 q.
1031 3365 1231 3434 παντάπασι
1264 3367 1397 3435 adverbii

285 3455 543 3548 similitudinem,
577 3464 683 3532 tioium
712 3472 818 3532 autem
848 3463 961 3532 eadem
991 3465 1057 3532 iere
1079 3465 1204 3532 ratione
1226 3488 1289 3550 qua
1309 3469 1397 3550 γαρέ-
1482 3481 1483 3494 ’

285 3563 400 3628 λαιον·
437 3560 541 3647 γάρος
569 3565 626 3628 καὶ
655 3561 767 3628 ἔλαιον
794 3562 871 3630 Her.
916 3563 982 3630 Sed
1010 3563 1096 3646 quod
1127 3563 1198 3646 jem
1227 3563 1396 3632 Lobeokius

287 3659 424 3744 aonjeait
453 3660 537 3725 Prol.
561 3663 601 3725 35
632 3659 822 3746 φαγέδαινα
849 3660 1036 3726 femininam
1058 3661 1150 3744 quasi
1176 3660 1309 3728 formam
1334 3677 1397 3728 esse

288 3757 426 3823 nominis
454 3756 622 3841 eujusdam
649 3755 868 3845 *φαγ-εδών,
901 3757 1054 3841 probatur
1081 3757 1209 3832 eollatis
1237 3752 1396 3843 τοφ-εδάν

288 3852 495 3938 τοφ-εδανός
522 3862 555 3920 et
583 3855 667 3921 λέων
697 3857 830 3933 λέαινα,
867 3851 1034 3938 θεράπων
1063 3853 1276 3939 θεράπαινα,
1308 3859 1336 3920 et
1363 3870 1396 3918 eo

289 3949 376 4032 quod
397 3951 452 4016 Ar.
475 3951 558 4016 Nub.
582 3955 644 4019 666
672 3947 788 4020 ludens
815 3950 906 4016 finxit
928 3947 1158 4036 άλικτράαινα.
1182 3988 1224 4000 -
1245 3951 1339 4032 Quam
1360 3947 1396 4012 ob
1481 3957 1482 3960 ’

289 4067 418 4114 eausam
446 4053 589 4133 praestat
619 4050 654 4116 id
682 4051 766 4134 quod
790 4049 921 4132 protulit
943 4049 1080 4116 Haineb.
1102 4071 1133 4133 p.
1160 4051 1214 4132 14,
1253 4049 1303 4132 qui
1323 4045 1397 4128 δαρ-
