<?xml version="1.0" encoding="UTF-8"?>
<!DOCTYPE html PUBLIC "-//W3C//DTD XHTML 1.0 Transitional//EN"
    "http://www.w3.org/TR/xhtml1/DTD/xhtml1-transitional.dtd">
<html xmlns="http://www.w3.org/1999/xhtml" xml:lang="en" lang="en">
 <head>
  <title>
</title>
<meta http-equiv="Content-Type" content="text/html;charset=utf-8" />
  <meta name='ocr-system' content='tesseract 3.04.00' />
  <meta name='ocr-capabilities' content='ocr_page ocr_carea ocr_par ocr_line ocrx_word'/>
</head>
<body>
  <div class='ocr_page' id='page_1' title='image "./studienzurgriec02vanigoog_0309.png"; bbox 0 0 2972 4868; ppageno 0'>
   <div class='ocr_carea' id='block_1_1' title="bbox 430 463 1178 534">
    <p class='ocr_par' dir='ltr' id='par_1_1' title="bbox 430 463 1178 534">
     <span class='ocr_line' id='line_1_1' title="bbox 430 463 1178 534; baseline 0.017 -16"><span class='ocrx_word' id='word_1_1' title='bbox 430 463 462 518; x_wconf 92' lang='lat' dir='ltr'>de</span> <span class='ocrx_word' id='word_1_2' title='bbox 480 465 691 534; x_wconf 73' lang='lat' dir='ltr'>reduplicatione</span> <span class='ocrx_word' id='word_1_3' title='bbox 708 481 814 534; x_wconf 80' lang='lat' dir='ltr'>graeca.</span> <span class='ocrx_word' id='word_1_4' title='bbox 1117 469 1178 530; x_wconf 87' lang='grc'>295</span> 
     </span>
    </p>
   </div>
   <div class='ocr_carea' id='block_1_2' title="bbox 69 625 1223 1211">
    <p class='ocr_par' dir='ltr' id='par_1_2' title="bbox 69 625 1223 1011">
     <span class='ocr_line' id='line_1_2' title="bbox 147 625 1179 724; baseline 0.008 -26"><span class='ocrx_word' id='word_1_5' title='bbox 147 625 412 722; x_wconf 47' lang='lat' dir='ltr'>wop-priam,</span> <span class='ocrx_word' id='word_1_6' title='bbox 450 644 612 719; x_wconf 80' lang='lat' dir='ltr'>aestuare,</span> <span class='ocrx_word' id='word_1_7' title='bbox 650 638 687 702; x_wconf 87' lang='lat' dir='ltr'>R.</span> <span class='ocrx_word' id='word_1_8' title='bbox 719 661 786 724; x_wconf 82' lang='grc' dir='ltr'>φυρ</span> <span class='ocrx_word' id='word_1_9' title='bbox 826 637 875 720; x_wconf 81' lang='lat' dir='ltr'>(O.</span> <span class='ocrx_word' id='word_1_10' title='bbox 911 639 966 704; x_wconf 87' lang='lat' dir='ltr'>Nr.</span> <span class='ocrx_word' id='word_1_11' title='bbox 991 639 1077 722; x_wconf 80' lang='grc'>415).</span> <span class='ocrx_word' id='word_1_12' title='bbox 1129 643 1179 706; x_wconf 81' lang='lat' dir='ltr'>Ex</span> 
     </span>
     <span class='ocr_line' id='line_1_3' title="bbox 71 733 1180 824; baseline 0.008 -29"><span class='ocrx_word' id='word_1_13' title='bbox 71 733 228 798; x_wconf 86' lang='lat' dir='ltr'>aestuandi</span> <span class='ocrx_word' id='word_1_14' title='bbox 254 742 364 800; x_wconf 86' lang='lat' dir='ltr'>autem</span> <span class='ocrx_word' id='word_1_15' title='bbox 384 735 514 801; x_wconf 87' lang='lat' dir='ltr'>notione</span> <span class='ocrx_word' id='word_1_16' title='bbox 536 733 636 800; x_wconf 86' lang='lat' dir='ltr'>erevit</span> <span class='ocrx_word' id='word_1_17' title='bbox 658 753 696 799; x_wconf 88' lang='lat' dir='ltr'>ea</span> <span class='ocrx_word' id='word_1_18' title='bbox 719 755 814 817; x_wconf 89' lang='lat' dir='ltr'>qnam</span> <span class='ocrx_word' id='word_1_19' title='bbox 844 737 977 819; x_wconf 80' lang='lat' dir='ltr'><strong>praebet</strong></span> <span class='ocrx_word' id='word_1_20' title='bbox 1006 737 1180 824; x_wconf 80' lang='grc' dir='ltr'><em>πορ-φύρ-</em></span> 
     </span>
     <span class='ocr_line' id='line_1_4' title="bbox 71 827 1223 920; baseline 0.008 -28"><span class='ocrx_word' id='word_1_21' title='bbox 71 851 120 904; x_wconf 79' lang='grc' dir='ltr'>εις</span> <span class='ocrx_word' id='word_1_22' title='bbox 144 827 279 911; x_wconf 77' lang='lat' dir='ltr'>(aestuat</span> <span class='ocrx_word' id='word_1_23' title='bbox 298 833 377 914; x_wconf 83' lang='lat' dir='ltr'>ipor‘a</span> <span class='ocrx_word' id='word_1_24' title='bbox 407 831 493 915; x_wconf 77' lang='lat' dir='ltr'>Virg.</span> <span class='ocrx_word' id='word_1_25' title='bbox 518 831 633 914; x_wconf 83' lang='lat' dir='ltr'>Georg.</span> <span class='ocrx_word' id='word_1_26' title='bbox 664 835 698 912; x_wconf 80' lang='lat'>4,</span> <span class='ocrx_word' id='word_1_27' title='bbox 723 831 800 916; x_wconf 86' lang='grc'>362)</span> <span class='ocrx_word' id='word_1_28' title='bbox 834 839 866 898; x_wconf 87' lang='lat' dir='ltr'>et</span> <span class='ocrx_word' id='word_1_29' title='bbox 899 831 1105 920; x_wconf 82' lang='grc' dir='ltr'><em>πορ-φύρ-α.</em></span> <span class='ocrx_word' id='word_1_30' title='bbox 1137 874 1179 884; x_wconf 91' lang='grc'>-</span> <span class='ocrx_word' id='word_1_31' title='bbox 1220 893 1223 912; x_wconf 89' lang='grc'>,</span> 
     </span>
     <span class='ocr_line' id='line_1_5' title="bbox 69 923 366 1011; baseline 0.017 -21"><span class='ocrx_word' id='word_1_32' title='bbox 69 925 102 990; x_wconf 82' lang='lat' dir='ltr'>oi.</span> <span class='ocrx_word' id='word_1_33' title='bbox 124 923 217 1011; x_wconf 84' lang='grc' dir='ltr'><em>φύρω</em></span> <span class='ocrx_word' id='word_1_34' title='bbox 239 929 366 995; x_wconf 74' lang='lat' dir='ltr'>misceo·</span> 
     </span>
    </p>

    <p class='ocr_par' dir='ltr' id='par_1_3' title="bbox 71 1023 1177 1211">
     <span class='ocr_line' id='line_1_6' title="bbox 143 1023 1174 1114; baseline 0.01 -28"><span class='ocrx_word' id='word_1_35' title='bbox 143 1026 458 1111; x_wconf 75' lang='grc' dir='ltr'><em>ταρ-ταρ-ίζειν</em></span> <span class='ocrx_word' id='word_1_36' title='bbox 482 1024 532 1104; x_wconf 83' lang='grc' dir='ltr'>(τὸ</span> <span class='ocrx_word' id='word_1_37' title='bbox 550 1026 706 1112; x_wconf 80' lang='grc' dir='ltr'><em>ῥιγοῦντα</em></span> <span class='ocrx_word' id='word_1_38' title='bbox 719 1023 913 1092; x_wconf 73' lang='grc' dir='ltr'><em>πάλλεσθαι</em></span> <span class='ocrx_word' id='word_1_39' title='bbox 936 1030 992 1095; x_wconf 80' lang='grc' dir='ltr'>καὶ</span> <span class='ocrx_word' id='word_1_40' title='bbox 1015 1036 1174 1114; x_wconf 75' lang='grc' dir='ltr'><strong><em>τρέμειν),</em></strong></span> 
     </span>
     <span class='ocr_line' id='line_1_7' title="bbox 71 1117 1177 1211; baseline 0.011 -29"><span class='ocrx_word' id='word_1_41' title='bbox 71 1117 277 1206; x_wconf 77' lang='grc' dir='ltr'>Τάρ-ταρ-ος,</span> <span class='ocrx_word' id='word_1_42' title='bbox 301 1126 338 1188; x_wconf 87' lang='lat' dir='ltr'>R.</span> <span class='ocrx_word' id='word_1_43' title='bbox 354 1148 422 1206; x_wconf 81' lang='grc' dir='ltr'>τερ,</span> <span class='ocrx_word' id='word_1_44' title='bbox 445 1146 543 1207; x_wconf 59' lang='grc' dir='ltr'><strong><em>τρεγσ</em></strong></span> <span class='ocrx_word' id='word_1_45' title='bbox 566 1121 676 1208; x_wconf 83' lang='grc' dir='ltr'>(τρέω,</span> <span class='ocrx_word' id='word_1_46' title='bbox 699 1122 839 1207; x_wconf 86' lang='lat' dir='ltr'>terr-eo).</span> <span class='ocrx_word' id='word_1_47' title='bbox 861 1159 903 1170; x_wconf 96' lang='lat'><strong>—</strong></span> <span class='ocrx_word' id='word_1_48' title='bbox 925 1127 1177 1211; x_wconf 76' lang='grc' dir='ltr'><em>ταν-θαρ-ίζειν</em></span> 
     </span>
    </p>
   </div>
   <div class='ocr_carea' id='block_1_3' title="bbox 59 1217 1179 2669">
    <p class='ocr_par' dir='ltr' id='par_1_4' title="bbox 63 1217 1179 1890">
     <span class='ocr_line' id='line_1_8' title="bbox 67 1217 1178 1304; baseline 0.01 -22"><span class='ocrx_word' id='word_1_49' title='bbox 67 1238 93 1282; x_wconf 83' lang='grc' dir='ltr'>ν.</span> <span class='ocrx_word' id='word_1_50' title='bbox 118 1219 197 1284; x_wconf 85' lang='lat' dir='ltr'>infra</span> <span class='ocrx_word' id='word_1_51' title='bbox 229 1222 258 1300; x_wconf 64' lang='grc' dir='ltr'>ξ.</span> <span class='ocrx_word' id='word_1_52' title='bbox 282 1225 299 1286; x_wconf 89' lang='grc'><strong>3</strong></span> <span class='ocrx_word' id='word_1_53' title='bbox 324 1222 361 1286; x_wconf 90' lang='grc' dir='ltr'>Α.</span> <span class='ocrx_word' id='word_1_54' title='bbox 406 1222 512 1286; x_wconf 85' lang='lat' dir='ltr'>Etiam</span> <span class='ocrx_word' id='word_1_55' title='bbox 546 1217 733 1304; x_wconf 81' lang='grc' dir='ltr'><em>ἀτάρτηρος</em></span> <span class='ocrx_word' id='word_1_56' title='bbox 766 1221 828 1286; x_wconf 89' lang='lat' dir='ltr'>huo</span> <span class='ocrx_word' id='word_1_57' title='bbox 859 1224 1073 1290; x_wconf 88' lang='lat' dir='ltr'>revooandum</span> <span class='ocrx_word' id='word_1_58' title='bbox 1107 1245 1178 1294; x_wconf 87' lang='lat' dir='ltr'>esse</span> 
     </span>
     <span class='ocr_line' id='line_1_9' title="bbox 66 1317 1179 1410; baseline 0.009 -30"><span class='ocrx_word' id='word_1_59' title='bbox 66 1317 179 1384; x_wconf 89' lang='lat' dir='ltr'>eonsuit</span> <span class='ocrx_word' id='word_1_60' title='bbox 200 1317 353 1401; x_wconf 84' lang='lat' dir='ltr'>Beniejus</span> <span class='ocrx_word' id='word_1_61' title='bbox 374 1319 486 1402; x_wconf 82' lang='lat' dir='ltr'>(„sehr</span> <span class='ocrx_word' id='word_1_62' title='bbox 506 1318 718 1410; x_wconf 87' lang='lat' dir='ltr'>ersehreeken</span> <span class='ocrx_word' id='word_1_63' title='bbox 741 1319 931 1402; x_wconf 88' lang='lat' dir='ltr'>maehend“‚</span> <span class='ocrx_word' id='word_1_64' title='bbox 963 1323 1012 1388; x_wconf 92' lang='lat' dir='ltr'>W.</span> <span class='ocrx_word' id='word_1_65' title='bbox 1035 1324 1077 1402; x_wconf 87' lang='lat'>11,</span> <span class='ocrx_word' id='word_1_66' title='bbox 1101 1325 1179 1408; x_wconf 78' lang='lat'>253)</span> 
     </span>
     <span class='ocr_line' id='line_1_10' title="bbox 66 1415 1177 1504; baseline 0.007 -26"><span class='ocrx_word' id='word_1_67' title='bbox 66 1415 211 1496; x_wconf 84' lang='lat' dir='ltr'>probante</span> <span class='ocrx_word' id='word_1_68' title='bbox 233 1416 269 1480; x_wconf 90' lang='lat' dir='ltr'>L.</span> <span class='ocrx_word' id='word_1_69' title='bbox 293 1417 403 1500; x_wconf 82' lang='lat' dir='ltr'><strong>Meyer</strong></span> <span class='ocrx_word' id='word_1_70' title='bbox 425 1417 565 1482; x_wconf 84' lang='lat' dir='ltr'>Gramm.</span> <span class='ocrx_word' id='word_1_71' title='bbox 589 1415 620 1493; x_wconf 87' lang='grc' dir='ltr'>Ι,</span> <span class='ocrx_word' id='word_1_72' title='bbox 645 1419 716 1492; x_wconf 85' lang='grc'>419,</span> <span class='ocrx_word' id='word_1_73' title='bbox 745 1417 916 1498; x_wconf 80' lang='lat' dir='ltr'>negligens</span> <span class='ocrx_word' id='word_1_74' title='bbox 937 1419 1177 1504; x_wconf 79' lang='lat' dir='ltr'>Hesychiannm</span> 
     </span>
     <span class='ocr_line' id='line_1_11' title="bbox 66 1505 1176 1596; baseline 0.009 -22"><span class='ocrx_word' id='word_1_75' title='bbox 66 1505 254 1592; x_wconf 79' lang='grc' dir='ltr'><em>ἄταρτᾶται·</em></span> <span class='ocrx_word' id='word_1_76' title='bbox 290 1511 436 1596; x_wconf 78' lang='grc' dir='ltr'><em>βλάπτει</em></span> <span class='ocrx_word' id='word_1_77' title='bbox 473 1515 618 1593; x_wconf 55' lang='grc' dir='ltr'>(πταιῗ).</span> <span class='ocrx_word' id='word_1_78' title='bbox 656 1523 764 1578; x_wconf 86' lang='grc' dir='ltr'><em>πονεῖ.</em></span> <span class='ocrx_word' id='word_1_79' title='bbox 802 1514 917 1587; x_wconf 83' lang='grc' dir='ltr'><em>λυπεῖ,</em></span> <span class='ocrx_word' id='word_1_80' title='bbox 956 1518 1043 1584; x_wconf 90' lang='lat' dir='ltr'>unde</span> <span class='ocrx_word' id='word_1_81' title='bbox 1072 1521 1176 1585; x_wconf 86' lang='lat' dir='ltr'>elueet</span> 
     </span>
     <span class='ocr_line' id='line_1_12' title="bbox 65 1604 1176 1697; baseline 0.012 -27"><span class='ocrx_word' id='word_1_82' title='bbox 65 1604 259 1696; x_wconf 78' lang='grc' dir='ltr'><em>ἀταριη-ρός</em></span> <span class='ocrx_word' id='word_1_83' title='bbox 282 1610 394 1676; x_wconf 90' lang='lat' dir='ltr'>eodem</span> <span class='ocrx_word' id='word_1_84' title='bbox 417 1611 512 1676; x_wconf 92' lang='lat' dir='ltr'>modo</span> <span class='ocrx_word' id='word_1_85' title='bbox 535 1616 631 1692; x_wconf 89' lang='lat' dir='ltr'>atque</span> <span class='ocrx_word' id='word_1_86' title='bbox 655 1606 795 1697; x_wconf 79' lang='grc' dir='ltr'><em>ἀιη-ρός</em></span> <span class='ocrx_word' id='word_1_87' title='bbox 817 1614 923 1681; x_wconf 91' lang='lat' dir='ltr'>fiotum</span> <span class='ocrx_word' id='word_1_88' title='bbox 947 1637 1025 1682; x_wconf 86' lang='lat' dir='ltr'>esse.</span> <span class='ocrx_word' id='word_1_89' title='bbox 1073 1617 1176 1696; x_wconf 82' lang='lat' dir='ltr'>(Quod</span> 
     </span>
     <span class='ocr_line' id='line_1_13' title="bbox 64 1705 1177 1799; baseline 0.009 -29"><span class='ocrx_word' id='word_1_90' title='bbox 64 1708 154 1772; x_wconf 84' lang='lat' dir='ltr'>voluit</span> <span class='ocrx_word' id='word_1_91' title='bbox 174 1708 254 1773; x_wconf 80' lang='lat' dir='ltr'>Lot.</span> <span class='ocrx_word' id='word_1_92' title='bbox 278 1709 329 1772; x_wconf 86' lang='lat' dir='ltr'>El.</span> <span class='ocrx_word' id='word_1_93' title='bbox 352 1707 383 1788; x_wconf 91' lang='grc' dir='ltr'>Ι,</span> <span class='ocrx_word' id='word_1_94' title='bbox 411 1713 470 1774; x_wconf 86' lang='grc'>162</span> <span class='ocrx_word' id='word_1_95' title='bbox 504 1705 693 1795; x_wconf 80' lang='grc' dir='ltr'><em>ἀιαρτηρός</em></span> <span class='ocrx_word' id='word_1_96' title='bbox 722 1729 762 1776; x_wconf 84' lang='lat' dir='ltr'>ex</span> <span class='ocrx_word' id='word_1_97' title='bbox 791 1707 932 1799; x_wconf 80' lang='grc' dir='ltr'><strong><em>ἀτη-ρός</em></strong></span> <span class='ocrx_word' id='word_1_98' title='bbox 959 1713 1177 1797; x_wconf 72' lang='lat' dir='ltr'>duplicatione</span> 
     </span>
     <span class='ocr_line' id='line_1_14' title="bbox 63 1805 669 1890; baseline 0.005 -22"><span class='ocrx_word' id='word_1_99' title='bbox 63 1811 161 1869; x_wconf 90' lang='lat' dir='ltr'>natum</span> <span class='ocrx_word' id='word_1_100' title='bbox 184 1825 272 1886; x_wconf 83' lang='lat' dir='ltr'>esse,</span> <span class='ocrx_word' id='word_1_101' title='bbox 303 1805 430 1888; x_wconf 89' lang='lat' dir='ltr'>probari</span> <span class='ocrx_word' id='word_1_102' title='bbox 453 1826 518 1871; x_wconf 91' lang='lat' dir='ltr'>non</span> <span class='ocrx_word' id='word_1_103' title='bbox 541 1809 669 1890; x_wconf 86' lang='lat' dir='ltr'>potest.)</span> 
     </span>
    </p>

    <p class='ocr_par' dir='ltr' id='par_1_5' title="bbox 59 1901 1176 2669">
     <span class='ocr_line' id='line_1_15' title="bbox 137 1901 1176 1992; baseline 0.007 -27"><span class='ocrx_word' id='word_1_104' title='bbox 137 1901 518 1985; x_wconf 78' lang='grc' dir='ltr'><em>τορ-ιυρ-όμενον·</em></span> <span class='ocrx_word' id='word_1_105' title='bbox 556 1901 740 1990; x_wconf 79' lang='grc' dir='ltr'><em>νιφόμενον</em></span> <span class='ocrx_word' id='word_1_106' title='bbox 774 1905 912 1973; x_wconf 79' lang='lat' dir='ltr'>libenter</span> <span class='ocrx_word' id='word_1_107' title='bbox 944 1909 985 1974; x_wconf 88' lang='lat' dir='ltr'>ab</span> <span class='ocrx_word' id='word_1_108' title='bbox 1015 1909 1176 1992; x_wconf 77' lang='lat' dir='ltr'>Hesychia</span> 
     </span>
     <span class='ocr_line' id='line_1_16' title="bbox 63 1999 1175 2089; baseline 0.008 -28"><span class='ocrx_word' id='word_1_109' title='bbox 63 2000 173 2082; x_wconf 86' lang='lat' dir='ltr'>aooipio</span> <span class='ocrx_word' id='word_1_110' title='bbox 196 2002 237 2066; x_wconf 89' lang='lat' dir='ltr'>M.</span> <span class='ocrx_word' id='word_1_111' title='bbox 260 1999 436 2066; x_wconf 87' lang='lat' dir='ltr'>Sohmidtio</span> <span class='ocrx_word' id='word_1_112' title='bbox 459 2001 567 2068; x_wconf 85' lang='lat' dir='ltr'>neseio</span> <span class='ocrx_word' id='word_1_113' title='bbox 590 2019 644 2066; x_wconf 90' lang='lat' dir='ltr'>eur</span> <span class='ocrx_word' id='word_1_114' title='bbox 665 2010 856 2084; x_wconf 88' lang='lat' dir='ltr'>suspeetum.</span> <span class='ocrx_word' id='word_1_115' title='bbox 891 2005 973 2070; x_wconf 90' lang='lat' dir='ltr'>Nam</span> <span class='ocrx_word' id='word_1_116' title='bbox 997 2005 1175 2089; x_wconf 77' lang='lat' dir='ltr'>simplicem</span> 
     </span>
     <span class='ocr_line' id='line_1_17' title="bbox 63 2097 1172 2190; baseline 0.009 -31"><span class='ocrx_word' id='word_1_117' title='bbox 63 2115 176 2179; x_wconf 88' lang='lat' dir='ltr'>qnoque</span> <span class='ocrx_word' id='word_1_118' title='bbox 191 2097 333 2164; x_wconf 83' lang='lat' dir='ltr'>radicem</span> <span class='ocrx_word' id='word_1_119' title='bbox 349 2117 465 2180; x_wconf 78' lang='lat' dir='ltr'>graeca</span> <span class='ocrx_word' id='word_1_120' title='bbox 480 2098 591 2182; x_wconf 84' lang='lat' dir='ltr'>lingua</span> <span class='ocrx_word' id='word_1_121' title='bbox 606 2099 753 2166; x_wconf 86' lang='lat' dir='ltr'>exhibet:</span> <span class='ocrx_word' id='word_1_122' title='bbox 776 2098 899 2184; x_wconf 67' lang='lat' dir='ltr'>arip-pto</span> <span class='ocrx_word' id='word_1_123' title='bbox 915 2100 1028 2186; x_wconf 74' lang='lat' dir='ltr'>(ada),</span> <span class='ocrx_word' id='word_1_124' title='bbox 1051 2099 1172 2190; x_wconf 74' lang='grc' dir='ltr'><em>τύρ-βη</em></span> 
     </span>
     <span class='ocr_line' id='line_1_18' title="bbox 62 2194 1176 2280; baseline 0.011 -27"><span class='ocrx_word' id='word_1_125' title='bbox 62 2194 174 2272; x_wconf 81' lang='lat' dir='ltr'>tor-to,</span> <span class='ocrx_word' id='word_1_126' title='bbox 203 2194 243 2260; x_wconf 85' lang='lat' dir='ltr'>oi.</span> <span class='ocrx_word' id='word_1_127' title='bbox 266 2215 325 2260; x_wconf 87' lang='lat' dir='ltr'>ser.</span> <span class='ocrx_word' id='word_1_128' title='bbox 348 2205 409 2276; x_wconf 84' lang='lat' dir='ltr'>tor,</span> <span class='ocrx_word' id='word_1_129' title='bbox 442 2195 532 2278; x_wconf 88' lang='lat' dir='ltr'>eujus</span> <span class='ocrx_word' id='word_1_130' title='bbox 565 2203 645 2279; x_wconf 92' lang='lat' dir='ltr'>part.</span> <span class='ocrx_word' id='word_1_131' title='bbox 669 2200 863 2276; x_wconf 62' lang='lat' dir='ltr'>tentor-tao</span> <span class='ocrx_word' id='word_1_132' title='bbox 893 2198 1009 2280; x_wconf 86' lang='lat' dir='ltr'>legitur</span> <span class='ocrx_word' id='word_1_133' title='bbox 1030 2201 1064 2264; x_wconf 91' lang='lat' dir='ltr'>in</span> <span class='ocrx_word' id='word_1_134' title='bbox 1086 2200 1176 2266; x_wconf 90' lang='lat' dir='ltr'>libris</span> 
     </span>
     <span class='ocr_line' id='line_1_19' title="bbox 60 2290 1174 2378; baseline 0.005 -24"><span class='ocrx_word' id='word_1_135' title='bbox 60 2290 247 2374; x_wconf 82' lang='lat' dir='ltr'>Rig-Vedae.</span> <span class='ocrx_word' id='word_1_136' title='bbox 292 2291 361 2370; x_wconf 79' lang='lat' dir='ltr'>Quo</span> <span class='ocrx_word' id='word_1_137' title='bbox 388 2293 485 2359; x_wconf 86' lang='lat' dir='ltr'>verbo</span> <span class='ocrx_word' id='word_1_138' title='bbox 514 2293 602 2358; x_wconf 88' lang='lat' dir='ltr'>haud</span> <span class='ocrx_word' id='word_1_139' title='bbox 629 2293 738 2375; x_wconf 89' lang='lat' dir='ltr'>inepta</span> <span class='ocrx_word' id='word_1_140' title='bbox 767 2293 962 2377; x_wconf 79' lang='lat' dir='ltr'>significatur</span> <span class='ocrx_word' id='word_1_141' title='bbox 995 2294 1174 2378; x_wconf 83' lang='grc' dir='ltr'><em>σνρ-μός</em></span> 
     </span>
     <span class='ocr_line' id='line_1_20' title="bbox 60 2389 1172 2478; baseline 0.007 -29"><span class='ocrx_word' id='word_1_142' title='bbox 60 2397 196 2473; x_wconf 79' lang='grc' dir='ltr'><em>νιφετῶν</em></span> <span class='ocrx_word' id='word_1_143' title='bbox 220 2390 352 2454; x_wconf 82' lang='lat' dir='ltr'>Anthol.</span> <span class='ocrx_word' id='word_1_144' title='bbox 377 2394 405 2470; x_wconf 85' lang='lat'>7,</span> <span class='ocrx_word' id='word_1_145' title='bbox 430 2393 458 2473; x_wconf 85' lang='lat'>8,</span> <span class='ocrx_word' id='word_1_146' title='bbox 483 2395 502 2454; x_wconf 87' lang='grc'>4</span> <span class='ocrx_word' id='word_1_147' title='bbox 525 2389 577 2473; x_wconf 89' lang='lat' dir='ltr'>(R.</span> <span class='ocrx_word' id='word_1_148' title='bbox 602 2411 663 2474; x_wconf 86' lang='grc' dir='ltr'>συρ</span> <span class='ocrx_word' id='word_1_149' title='bbox 679 2421 720 2440; x_wconf 85' lang='lat'>=</span> <span class='ocrx_word' id='word_1_150' title='bbox 736 2415 805 2474; x_wconf 82' lang='grc' dir='ltr'>τυρ,</span> <span class='ocrx_word' id='word_1_151' title='bbox 830 2389 951 2478; x_wconf 66' lang='lat' dir='ltr'>odo-tir]</span> <span class='ocrx_word' id='word_1_152' title='bbox 968 2424 1010 2442; x_wconf 86' lang='lat'>=</span> <span class='ocrx_word' id='word_1_153' title='bbox 1025 2391 1172 2478; x_wconf 70' lang='lat' dir='ltr'>arip-pto).</span> 
     </span>
     <span class='ocr_line' id='line_1_21' title="bbox 60 2483 1171 2571; baseline 0.005 -22"><span class='ocrx_word' id='word_1_154' title='bbox 60 2483 98 2550; x_wconf 84' lang='lat' dir='ltr'>et.</span> <span class='ocrx_word' id='word_1_155' title='bbox 114 2488 198 2568; x_wconf 89' lang='lat' dir='ltr'>quod</span> <span class='ocrx_word' id='word_1_156' title='bbox 221 2486 449 2571; x_wconf 84' lang='lat' dir='ltr'>palaeosoand.</span> <span class='ocrx_word' id='word_1_157' title='bbox 466 2486 553 2569; x_wconf 75' lang='lat' dir='ltr'>drrfo</span> <span class='ocrx_word' id='word_1_158' title='bbox 568 2487 675 2552; x_wconf 87' lang='lat' dir='ltr'>nivem</span> <span class='ocrx_word' id='word_1_159' title='bbox 691 2486 858 2570; x_wconf 78' lang='lat' dir='ltr'>signifieat,</span> <span class='ocrx_word' id='word_1_160' title='bbox 882 2487 1009 2554; x_wconf 88' lang='lat' dir='ltr'>duotum</span> <span class='ocrx_word' id='word_1_161' title='bbox 1033 2511 1052 2556; x_wconf 91' lang='lat' dir='ltr'>a</span> <span class='ocrx_word' id='word_1_162' title='bbox 1073 2491 1171 2555; x_wconf 80' lang='lat' dir='ltr'>verbo</span> 
     </span>
     <span class='ocr_line' id='line_1_22' title="bbox 59 2582 657 2669; baseline 0.007 -25"><span class='ocrx_word' id='word_1_163' title='bbox 59 2582 175 2668; x_wconf 80' lang='lat' dir='ltr'>drr&#39;fino⁷</span> <span class='ocrx_word' id='word_1_164' title='bbox 198 2592 264 2669; x_wconf 83' lang='lat' dir='ltr'>got.</span> <span class='ocrx_word' id='word_1_165' title='bbox 288 2585 416 2648; x_wconf 65' lang='lat' dir='ltr'>draiton</span> <span class='ocrx_word' id='word_1_166' title='bbox 439 2584 590 2667; x_wconf 89' lang='lat' dir='ltr'>(Haineb.</span> <span class='ocrx_word' id='word_1_167' title='bbox 614 2584 657 2666; x_wconf 85' lang='lat'>9).</span> 
     </span>
    </p>
   </div>
   <div class='ocr_carea' id='block_1_4' title="bbox 54 2803 1173 3747">
    <p class='ocr_par' dir='ltr' id='par_1_6' title="bbox 55 2803 1173 3181">
     <span class='ocr_line' id='line_1_23' title="bbox 134 2803 1171 2888; baseline 0.003 -19"><span class='ocrx_word' id='word_1_168' title='bbox 134 2803 257 2882; x_wconf 79' lang='lat' dir='ltr'>Quibus</span> <span class='ocrx_word' id='word_1_169' title='bbox 285 2805 508 2888; x_wconf 79' lang='lat' dir='ltr'>subjungimus</span> <span class='ocrx_word' id='word_1_170' title='bbox 536 2824 634 2868; x_wconf 91' lang='lat' dir='ltr'>unum</span> <span class='ocrx_word' id='word_1_171' title='bbox 663 2804 795 2869; x_wconf 87' lang='lat' dir='ltr'>verbum</span> <span class='ocrx_word' id='word_1_172' title='bbox 823 2804 913 2887; x_wconf 90' lang='lat' dir='ltr'>eujus</span> <span class='ocrx_word' id='word_1_173' title='bbox 936 2805 1029 2870; x_wconf 81' lang='lat' dir='ltr'><strong>radix</strong></span> <span class='ocrx_word' id='word_1_174' title='bbox 1052 2807 1171 2872; x_wconf 91' lang='lat' dir='ltr'>nonin</span> 
     </span>
     <span class='ocr_line' id='line_1_24' title="bbox 58 2899 1173 2986; baseline 0.002 -21"><span class='ocrx_word' id='word_1_175' title='bbox 58 2899 226 2983; x_wconf 74' lang='lat' dir='ltr'>odesinlt,</span> <span class='ocrx_word' id='word_1_176' title='bbox 257 2903 314 2967; x_wconf 86' lang='lat' dir='ltr'>sed</span> <span class='ocrx_word' id='word_1_177' title='bbox 344 2902 378 2966; x_wconf 90' lang='lat' dir='ltr'>in</span> <span class='ocrx_word' id='word_1_178' title='bbox 406 2901 549 2966; x_wconf 86' lang='lat' dir='ltr'>nasalem</span> <span class='ocrx_word' id='word_1_179' title='bbox 580 2899 738 2984; x_wconf 81' lang='grc' dir='ltr'><em>(πάμπαν</em></span> <span class='ocrx_word' id='word_1_180' title='bbox 761 2909 883 2982; x_wconf 87' lang='lat' dir='ltr'>autem,</span> <span class='ocrx_word' id='word_1_181' title='bbox 917 2903 1003 2968; x_wconf 88' lang='lat' dir='ltr'>unde</span> <span class='ocrx_word' id='word_1_182' title='bbox 1031 2901 1173 2986; x_wconf 72' lang='grc' dir='ltr'><em>παμπή-</em></span> 
     </span>
     <span class='ocr_line' id='line_1_25' title="bbox 58 2994 1170 3083; baseline 0.008 -26"><span class='ocrx_word' id='word_1_183' title='bbox 58 2994 125 3082; x_wconf 75' lang='lat' dir='ltr'>ipo,</span> <span class='ocrx_word' id='word_1_184' title='bbox 161 3000 335 3064; x_wconf 89' lang='lat' dir='ltr'>omittimus</span> <span class='ocrx_word' id='word_1_185' title='bbox 362 3019 426 3063; x_wconf 92' lang='lat' dir='ltr'>non</span> <span class='ocrx_word' id='word_1_186' title='bbox 455 2999 602 3083; x_wconf 88' lang='lat' dir='ltr'>eradioe</span> <span class='ocrx_word' id='word_1_187' title='bbox 632 2998 810 3081; x_wconf 73' lang='lat' dir='ltr'>duplione,</span> <span class='ocrx_word' id='word_1_188' title='bbox 841 2998 899 3064; x_wconf 87' lang='lat' dir='ltr'>sed</span> <span class='ocrx_word' id='word_1_189' title='bbox 928 3019 968 3066; x_wconf 87' lang='lat' dir='ltr'>ex</span> <span class='ocrx_word' id='word_1_190' title='bbox 989 3002 1170 3067; x_wconf 87' lang='lat' dir='ltr'>aoeusativo</span> 
     </span>
     <span class='ocr_line' id='line_1_26' title="bbox 55 3096 364 3181; baseline 0.013 -24"><span class='ocrx_word' id='word_1_191' title='bbox 55 3096 208 3172; x_wconf 85' lang='lat' dir='ltr'>geminato</span> <span class='ocrx_word' id='word_1_192' title='bbox 232 3097 364 3181; x_wconf 73' lang='lat' dir='ltr'>ortuml:</span> 
     </span>
    </p>

    <p class='ocr_par' dir='ltr' id='par_1_7' title="bbox 54 3192 1170 3747">
     <span class='ocr_line' id='line_1_27' title="bbox 133 3192 1170 3281; baseline 0.004 -23"><span class='ocrx_word' id='word_1_193' title='bbox 133 3192 423 3281; x_wconf 82' lang='grc' dir='ltr'><em>παμ-φαν-άω</em></span> <span class='ocrx_word' id='word_1_194' title='bbox 447 3201 479 3258; x_wconf 90' lang='lat' dir='ltr'>et</span> <span class='ocrx_word' id='word_1_195' title='bbox 500 3197 687 3278; x_wconf 84' lang='grc' dir='ltr'><em>παμφαίνω</em></span> <span class='ocrx_word' id='word_1_196' title='bbox 716 3194 792 3276; x_wconf 87' lang='lat' dir='ltr'>quin</span> <span class='ocrx_word' id='word_1_197' title='bbox 822 3213 839 3258; x_wconf 92' lang='lat' dir='ltr'>e</span> <span class='ocrx_word' id='word_1_198' title='bbox 870 3199 982 3280; x_wconf 82' lang='grc' dir='ltr'><em>φαίνω</em></span> <span class='ocrx_word' id='word_1_199' title='bbox 1008 3195 1170 3278; x_wconf 81' lang='lat' dir='ltr'>duplicato</span> 
     </span>
     <span class='ocr_line' id='line_1_28' title="bbox 55 3290 1170 3375; baseline 0.004 -23"><span class='ocrx_word' id='word_1_200' title='bbox 55 3307 218 3373; x_wconf 85' lang='lat' dir='ltr'>progressa</span> <span class='ocrx_word' id='word_1_201' title='bbox 239 3294 303 3357; x_wconf 86' lang='lat' dir='ltr'>sint</span> <span class='ocrx_word' id='word_1_202' title='bbox 318 3312 412 3358; x_wconf 90' lang='lat' dir='ltr'>nemo</span> <span class='ocrx_word' id='word_1_203' title='bbox 429 3291 587 3356; x_wconf 88' lang='lat' dir='ltr'>dubitavit</span> <span class='ocrx_word' id='word_1_204' title='bbox 608 3297 680 3374; x_wconf 91' lang='lat' dir='ltr'>post</span> <span class='ocrx_word' id='word_1_205' title='bbox 695 3290 916 3374; x_wconf 81' lang='lat' dir='ltr'>Sylburgium‚</span> <span class='ocrx_word' id='word_1_206' title='bbox 944 3293 996 3375; x_wconf 88' lang='lat' dir='ltr'>qni</span> <span class='ocrx_word' id='word_1_207' title='bbox 1019 3292 1085 3374; x_wconf 88' lang='lat' dir='ltr'>adj.</span> <span class='ocrx_word' id='word_1_208' title='bbox 1102 3298 1170 3356; x_wconf 85' lang='grc' dir='ltr'>πᾶν</span> 
     </span>
     <span class='ocr_line' id='line_1_29' title="bbox 54 3387 1169 3472; baseline 0.004 -23"><span class='ocrx_word' id='word_1_209' title='bbox 54 3387 184 3468; x_wconf 82' lang='lat' dir='ltr'>priorem</span> <span class='ocrx_word' id='word_1_210' title='bbox 219 3409 290 3455; x_wconf 79' lang='lat' dir='ltr'>erse</span> <span class='ocrx_word' id='word_1_211' title='bbox 326 3396 450 3472; x_wconf 89' lang='lat' dir='ltr'>partem</span> <span class='ocrx_word' id='word_1_212' title='bbox 483 3387 607 3470; x_wconf 90' lang='lat' dir='ltr'>putavit</span> <span class='ocrx_word' id='word_1_213' title='bbox 635 3389 788 3470; x_wconf 83' lang='lat' dir='ltr'>ignorans</span> <span class='ocrx_word' id='word_1_214' title='bbox 816 3397 1019 3472; x_wconf 81' lang='lat' dir='ltr'>praeceptum</span> <span class='ocrx_word' id='word_1_215' title='bbox 1048 3389 1169 3472; x_wconf 81' lang='lat' dir='ltr'>regium</span> 
     </span>
     <span class='ocr_line' id='line_1_30' title="bbox 54 3483 1170 3570; baseline 0 -22"><span class='ocrx_word' id='word_1_216' title='bbox 54 3486 133 3565; x_wconf 91' lang='lat' dir='ltr'>quod</span> <span class='ocrx_word' id='word_1_217' title='bbox 160 3493 292 3551; x_wconf 84' lang='lat' dir='ltr'>voeatur</span> <span class='ocrx_word' id='word_1_218' title='bbox 322 3485 477 3568; x_wconf 75' lang='lat' dir='ltr'>scaligeri</span> <span class='ocrx_word' id='word_1_219' title='bbox 519 3483 611 3568; x_wconf 83' lang='lat' dir='ltr'>(Lob.</span> <span class='ocrx_word' id='word_1_220' title='bbox 635 3485 755 3570; x_wconf 87' lang='lat' dir='ltr'>Phryn.</span> <span class='ocrx_word' id='word_1_221' title='bbox 778 3505 809 3568; x_wconf 94' lang='lat' dir='ltr'>p.</span> <span class='ocrx_word' id='word_1_222' title='bbox 834 3483 920 3568; x_wconf 80' lang='lat'>632).</span> <span class='ocrx_word' id='word_1_223' title='bbox 964 3485 1051 3550; x_wconf 84' lang='lat' dir='ltr'>Inter</span> <span class='ocrx_word' id='word_1_224' title='bbox 1078 3509 1170 3567; x_wconf 88' lang='grc' dir='ltr'><em>παμ-</em></span> 
     </span>
     <span class='ocr_line' id='line_1_31' title="bbox 55 3581 1169 3669; baseline 0.004 -24"><span class='ocrx_word' id='word_1_225' title='bbox 55 3582 168 3666; x_wconf 85' lang='grc' dir='ltr'><em>φανάω</em></span> <span class='ocrx_word' id='word_1_226' title='bbox 193 3591 225 3649; x_wconf 88' lang='lat' dir='ltr'>et</span> <span class='ocrx_word' id='word_1_227' title='bbox 248 3587 358 3669; x_wconf 74' lang='grc' dir='ltr'><em>φαίνω</em></span> <span class='ocrx_word' id='word_1_228' title='bbox 376 3582 487 3648; x_wconf 88' lang='lat' dir='ltr'>eadem</span> <span class='ocrx_word' id='word_1_229' title='bbox 506 3582 588 3647; x_wconf 93' lang='lat' dir='ltr'>ratio</span> <span class='ocrx_word' id='word_1_230' title='bbox 610 3582 779 3648; x_wconf 73' lang='lat' dir='ltr'>intercedit</span> <span class='ocrx_word' id='word_1_231' title='bbox 794 3601 876 3665; x_wconf 89' lang='lat' dir='ltr'>quae</span> <span class='ocrx_word' id='word_1_232' title='bbox 891 3583 975 3649; x_wconf 88' lang='lat' dir='ltr'>inter</span> <span class='ocrx_word' id='word_1_233' title='bbox 995 3581 1169 3649; x_wconf 82' lang='lat' dir='ltr'>tintinnare</span> 
     </span>
     <span class='ocr_line' id='line_1_32' title="bbox 54 3681 468 3747; baseline 0.012 -5"><span class='ocrx_word' id='word_1_234' title='bbox 54 3687 82 3742; x_wconf 88' lang='lat' dir='ltr'>et</span> <span class='ocrx_word' id='word_1_235' title='bbox 102 3681 230 3747; x_wconf 88' lang='lat' dir='ltr'>tinnire.</span> <span class='ocrx_word' id='word_1_236' title='bbox 466 3682 468 3688; x_wconf 69' lang='grc'>’</span> 
     </span>
    </p>
   </div>
   <div class='ocr_carea' id='block_1_5' title="bbox 586 3814 627 3880">
    <p class='ocr_par' dir='ltr' id='par_1_8' title="bbox 586 3814 627 3880">
     <span class='ocr_line' id='line_1_33' title="bbox 586 3814 627 3880; baseline 0 0"><span class='ocrx_word' id='word_1_237' title='bbox 586 3814 627 3880; x_wconf 92' lang='grc' dir='ltr'>Ι).</span> 
     </span>
    </p>
   </div>
   <div class='ocr_carea' id='block_1_6' title="bbox 132 3931 1167 4016">
    <p class='ocr_par' dir='ltr' id='par_1_9' title="bbox 132 3931 1167 4016">
     <span class='ocr_line' id='line_1_34' title="bbox 132 3931 1167 4016; baseline 0 -18"><span class='ocrx_word' id='word_1_238' title='bbox 132 3935 210 4000; x_wconf 85' lang='lat' dir='ltr'>Tria</span> <span class='ocrx_word' id='word_1_239' title='bbox 239 3939 313 4000; x_wconf 88' lang='lat' dir='ltr'>sunt</span> <span class='ocrx_word' id='word_1_240' title='bbox 342 3934 382 3998; x_wconf 91' lang='lat' dir='ltr'>de</span> <span class='ocrx_word' id='word_1_241' title='bbox 418 3933 532 4015; x_wconf 89' lang='lat' dir='ltr'>quibus</span> <span class='ocrx_word' id='word_1_242' title='bbox 568 3934 730 4014; x_wconf 86' lang='lat' dir='ltr'>hueusque</span> <span class='ocrx_word' id='word_1_243' title='bbox 760 3931 992 4016; x_wconf 83' lang='lat' dir='ltr'>disputavimus</span> <span class='ocrx_word' id='word_1_244' title='bbox 1025 3933 1167 3998; x_wconf 90' lang='lat' dir='ltr'>radieum</span> 
     </span>
    </p>
   </div>
   <div class='ocr_carea' id='block_1_7' title="bbox 53 4027 1166 4198">
    <p class='ocr_par' dir='ltr' id='par_1_10' title="bbox 53 4027 1166 4198">
     <span class='ocr_line' id='line_1_35' title="bbox 53 4027 1166 4116; baseline 0.002 -24"><span class='ocrx_word' id='word_1_245' title='bbox 53 4027 279 4114; x_wconf 86' lang='lat' dir='ltr'>duplioatarum</span> <span class='ocrx_word' id='word_1_246' title='bbox 302 4050 431 4114; x_wconf 82' lang='lat' dir='ltr'>genera,</span> <span class='ocrx_word' id='word_1_247' title='bbox 455 4049 586 4114; x_wconf 90' lang='lat' dir='ltr'>quorum</span> <span class='ocrx_word' id='word_1_248' title='bbox 609 4031 731 4096; x_wconf 85' lang='lat' dir='ltr'>vieitrus</span> <span class='ocrx_word' id='word_1_249' title='bbox 745 4030 918 4114; x_wconf 78' lang='lat' dir='ltr'>iungantur</span> <span class='ocrx_word' id='word_1_250' title='bbox 938 4035 993 4114; x_wconf 77' lang='grc' dir='ltr'>βα,</span> <span class='ocrx_word' id='word_1_251' title='bbox 1016 4053 1068 4116; x_wconf 72' lang='lat' dir='ltr'>op,</span> <span class='ocrx_word' id='word_1_252' title='bbox 1090 4036 1166 4115; x_wconf 70' lang='grc' dir='ltr'>βαρ.</span> 
     </span>
     <span class='ocr_line' id='line_1_36' title="bbox 534 4130 964 4198; baseline 0 -16"><span class='ocrx_word' id='word_1_253' title='bbox 534 4162 555 4198; x_wconf 56' lang='lat' dir='ltr'>x</span> <span class='ocrx_word' id='word_1_254' title='bbox 912 4130 964 4182; x_wconf 80' lang='grc' dir='ltr'>νο*</span> 
     </span>
    </p>
   </div>
   <div class='ocr_carea' id='block_1_8' title="bbox 0 0 1490 4868">
    <p class='ocr_par' dir='ltr' id='par_1_11' title="bbox 0 0 1490 4868">
     <span class='ocr_line' id='line_1_37' title="bbox 0 0 1490 4868; baseline 0 4"><span class='ocrx_word' id='word_1_255' title='bbox 0 0 1490 4868; x_wconf 95' lang='lat' dir='ltr'> </span> 
     </span>
    </p>
   </div>
  </div>
 </body>
</html>
