2954 4866
304 427 364 489 178
793 427 922 496 Mangold

299 595 792 683 technischpoetischen,
826 599 886 664 das
914 619 975 664 nur
1002 617 1061 664 aus
1091 597 1148 664 der
1170 597 1268 664 Seelc
1290 596 1347 662 der
1368 595 1420 663 die

299 700 499 766 homerische
521 697 664 781 Sprachc
685 695 957 763 constitniranden
979 696 1103 778 Sanger
1125 695 1244 762 herans
1265 694 1420 776 bega-iden

299 797 377 864 oder
413 833 454 842 -
490 796 541 861 bis
569 816 607 860 zu
635 795 739 862 eincm
761 795 918 877 gewissen
940 793 1049 860 arare
1062 834 1065 842 ,
1079 793 1134 860 des
1156 791 1420 858 varstandnisses

298 895 452 978 gebracht
473 893 603 960 werden
625 892 792 974 kann.“²³)

383 991 432 1057 Ita
459 991 555 1074 igitur
583 989 701 1055 formas
730 987 896 1072 όρόωντα,
928 985 1054 1073 ὁρόῳτε
1085 989 1128 1052 al.
1157 995 1244 1053 ortas
1273 1007 1345 1054 esse
1370 1008 1420 1054 ex-

298 1091 418 1169 istimo,
454 1096 488 1153 ut
510 1107 549 1154 eo
571 1095 729 1170 tempore,
765 1107 827 1170 quc
849 1087 883 1150 in
905 1105 1053 1152 sermone
1074 1085 1199 1167 vulgari
1216 1084 1287 1167 jam
1309 1087 1419 1152 nullae

298 1188 384 1253 aliae
404 1187 525 1251 formae
546 1185 609 1250 nisi
637 1190 820 1250 contractae
847 1189 1091 1268 usurparentur,
1128 1183 1283 1265 rhapsodi
1310 1203 1420 1249 recen-

230 1275 232 1284 ’
297 1285 410 1364 tiores,
448 1303 519 1348 cum
544 1284 613 1366 jam
641 1301 707 1346 non
734 1280 818 1346 bene
839 1282 1080 1364 intellegerent,
1117 1299 1200 1362 qnae
1227 1287 1314 1346 esset
1337 1283 1419 1346 ratic

297 1383 469 1447 formarum
491 1402 512 1447 a
533 1379 708 1463 majoribus
732 1385 951 1462 acceptarum,
980 1379 1036 1445 sed
1066 1397 1122 1445 eas
1149 1379 1317 1444 distractas
1349 1399 1419 1446 esse

250 1475 252 1480 ’
298 1475 451 1560 eformis',
469 1478 588 1559 ,quibus
607 1477 671 1560 ipsi
687 1482 861 1555 uterentur,
884 1477 1056 1542 contractis
1077 1482 1236 1559 putarent,
1259 1497 1317 1560 pro
1341 1472 1419 1557 ὁρό-

299 1599 388 1656 οντα,
412 1572 544 1658 ὁρόοιτε
567 1576 633 1640 levi
654 1574 831 1638 mutatione
852 1568 1019 1655 ὁρόωντα,
1046 1568 1172 1657 ὁρόῳτε
1195 1582 1325 1639 cantare
1351 1593 1418 1640 eoe-
1472 1615 1473 1632 ι

297 1674 429 1756 pissent.
473 1672 525 1736 Ad
552 1673 637 1738 hanc
658 1691 735 1738 vcro
756 1671 872 1736 falsam
894 1671 1188 1754 pronuntiationem
1210 1671 1305 1736 lacilc
1325 1675 1417 1755 pelli·

297 1771 462 1836 ciebantur
483 1771 670 1849 formarum,
693 1769 727 1832 in
749 1769 864 1850 quibus
881 1769 956 1851 jura
978 1791 1025 1832 οω
1047 1769 1315 1852 pronuntiaretur,
1340 1773 1417 1834 mul·

214 1940 216 1942 ,
297 1867 442 1948 titudine,
467 1869 555 1932 velut
577 1863 711 1943 ἀντιόω,
731 1864 908 1952 μητιόωσα
930 1866 981 1943 (ci.
1004 1867 1069 1931 tab.
1092 1867 1134 1947 ΙΙ,
1159 1872 1206 1946 la,
1229 1867 1289 1947 ΙΙΙ,
1315 1872 1380 1944 la).

383 1963 461 2030 Oum
483 1972 588 2029 autem
610 1963 763 2046 rhapsodi
784 1964 832 2027 illi
854 1965 997 2028 carmina
1018 1965 1191 2030 memoriae
1211 1963 1330 2029 tradita
1353 1985 1415 2030 non

296 2082 425 2146 prorsus
446 2062 614 2126 immutata
634 2061 820 2140 recitarent,
849 2062 944 2126 facilc
966 2061 1034 2126 ficri
1056 2063 1168 2145 potnit,
1190 2071 1226 2126 ut
1248 2063 1318 2144 quis
1340 2084 1415 2128 ana·

296 2161 383 2242 logia
408 2159 560 2242 deceptus
588 2159 753 2241 vulgarem
782 2156 851 2221 ἀλιῦ
879 2158 1071 2225 distraheret
1094 2160 1296 2241 Homeroque
1325 2157 1413 2224 ἀλόω

295 2258 429 2323 formam
450 2257 634 2322 inculcaret.

381 2354 485 2421 Simili
507 2354 631 2419 ratione
646 2354 850 2434 recentiores,
869 2373 939 2418 cum
962 2371 1061 2436 saepe
1075 2355 1197 2419 vocalis
1219 2353 1324 2420 finalis
1346 2377 1412 2438 pro

296 2454 465 2519 duceretur
487 2460 562 2517 ante
583 2451 739 2534 liquidam
761 2470 934 2516 consonam
963 2451 1111 2516 vocabuli
1139 2452 1294 2534 proximi,
1330 2452 1410 2534 quod
1471 2519 1472 2524 ,

295 2553 401 2635 priore
429 2556 573 2633 tempore
600 2571 621 2614 a
646 2549 766 2632 duplici
797 2567 937 2613 consona
965 2549 1153 2632 incepisset,
1191 2550 1311 2632 ubique
1340 2559 1410 2615 ante
1471 2527 1472 2600 Ι

294 2648 434 2732 liquidas
455 2647 576 2712 licitam
598 2665 670 2713 esse
697 2647 856 2710 vocalium
885 2645 1125 2729 productionem
1154 2646 1330 2712 credebant
1358 2649 1408 2712 ita·

294 2765 362 2829 qne
385 2746 482 2812 etiam
509 2751 586 2810 ante
614 2742 722 2826 λιγύς,
751 2741 855 2826 μέγας
883 2749 953 2820 cet,
990 2762 1073 2824 quae
1101 2764 1266 2826 nunquam
1296 2731 1406 2828 duplici

294 2863 436 2910 consona
456 2842 659 2924 inceperant,
693 2842 821 2908 vocales
848 2839 1069 2923 producebant
1096 2851 1139 2917 (r.
1163 2839 1250 2907 Ourt.
1279 2841 1407 2925 „Stnd.“

294 2942 350 3023 lv,
374 2943 435 3005 lan
458 2955 550 3022 sqq-t.

379 3039 461 3104 Item
483 3056 524 3102 ex
546 3055 652 3102 errore
673 3035 920 3118 rhapsodorum,
949 3057 1014 3100 non
1037 3055 1161 3118 eorum,
1196 3037 1250 3120 qui
1273 3038 1405 3104 carmina

293 3137 328 3202 in
349 3155 469 3201 novum
490 3133 699 3216 alphabetum
720 3134 1017 3217 transscripserunt,
1038 3134 1227 3217 imperfecta
1249 3134 1317 3222 ἔην,
1338 3131 1402 3220 ἤην,

295 3232 408 3320 ’ἔησθα
423 3229 620 3316 explicanda
634 3250 705 3296 esse
726 3238 813 3314 puto.
846 3230 935 3309 Quae
950 3235 1118 3314 postquam
1135 3230 1263 3298 Curtius
1279 3229 1402 3314 „Stnd.“

294 3332 320 3411 1,
343 3334 372 3412 2,
396 3333 458 3395 290
481 3349 549 3412 sqq.
578 3335 727 3412 corrupta
749 3347 821 3396 esse
843 3348 883 3394 ex
907 3327 969 3407 aa,
994 3315 1062 3414 ἦεν,
1091 3326 1202 3394 decdo
1234 3331 1400 3414 suspicatus

294 3435 352 3510 cst,
375 3427 539 3493 Hartclius
559 3427 581 3491 l.
603 3445 630 3492 c.
652 3431 693 3492 td
715 3447 782 3510 sqq.
806 3446 871 3491 non
893 3425 1011 3508 ubique
1033 3424 1097 3502 ἐἐν,
1121 3413 1179 3510 ἦεν
1202 3427 1297 3492 scribi
1318 3441 1400 3510 posse

294 3524 533 3592 demonstravit.
569 3522 661 3602 Quod
683 3542 754 3588 cnm
776 3543 817 3589 ne
838 3530 935 3590 antea
957 3522 1085 3605 quidem
1106 3523 1164 3589 ille
1186 3525 1397 3599 contendisset,

293 3624 327 3688 in
349 3620 486 3706 epistola
507 3620 550 3686 ad
572 3619 748 3686 Hartclium
764 3623 882 3704 scripta
904 3617 1054 3703 („Stud.“
1070 3619 1124 3703 IV,
1143 3623 1204 3686 478
1221 3621 1281 3706 sq.)
1303 3618 1397 3686 formis
1470 3699 1471 3706 ἵ

363 3869 396 3934 ²³)
413 3867 487 3922 Dicit
502 3867 570 3922 haec
589 3867 696 3923 Curtius
715 3867 838 3932 t„Stud.“
855 3867 901 3936 IV,
912 3871 972 3930 482)
990 3866 1023 3922 de
1040 3867 1262 3937 productionibus
1279 3863 1398 3920 roccham

294 3954 358 4004 ante
382 3947 497 4017 liquidas
520 3953 547 4002 et
569 3949 675 4002 nauales
701 3948 798 4015 lactis;
827 3947 875 4003 sed
897 3947 990 4001 eadem
1008 3945 1041 4002 de
1057 3947 1151 4002 formis
1169 3947 1222 4002 illis
1245 3943 1393 4002 assimulatis

293 4031 382 4086 velere
397 4035 472 4100 puto.
