3020 4866
273 443 293 507 8
752 444 919 500 sonsum

252 611 331 687 'der
345 617 487 686 Infinitiv
508 619 558 685 als
579 616 798 701 engannondee
819 614 934 700 Objeot
947 616 1129 700 ‘hinzutritt
1151 617 1202 684 als
1223 614 1398 701 ἐποτρύνω

273 739 312 784 σε
333 713 516 800 μάχεσθαι,
539 713 721 801 πρόθυμον
744 709 841 794 εἶναι,
863 715 906 781 ist
919 715 1005 781 wohl
1027 735 1066 780 un
1080 713 1328 780 untersoheidsn
1344 713 1399 781 die

273 812 495 882 construction
517 811 576 880 des
598 812 770 896 eigentlioh
792 819 1015 895 sogenonnten
1037 811 1220 878 Aoousativi
1243 831 1270 876 o.
1291 810 1400 878 Infini-

136 945 139 956 ι
272 910 372 980 tivo.“
408 909 486 992 Sed,
509 910 595 994 quod
609 909 707 978 valde
724 909 901 976 dolendum
922 917 980 992 est,
996 910 1144 994 proxima
1158 929 1243 992 quae
1256 910 1401 992 sequitur

272 1009 478 1096 paragrapho
499 1009 609 1075 omnia
629 1008 765 1074 misnuit.
809 1009 852 1073 Ιιι
865 1008 1040 1074 verisimile
1062 1006 1191 1089 quidem
1214 1014 1301 1090 puto,
1323 1027 1399 1074 eon-

274 1108 491 1189 etruotionem,
508 1125 591 1190 quae
605 1125 641 1172 ιε
655 1125 733 1172 vera
748 1112 797 1172 est
810 1106 1011 1172 aecusativus
1026 1125 1098 1170 oum
1112 1102 1280 1187 infinitivo,
1296 1110 1400 1172 ortam

274 1225 347 1274 esse
369 1225 411 1273 ox
433 1223 483 1286 ea,
506 1222 590 1287 quae
612 1203 753 1288 speeiem
775 1203 877 1270 solnm
899 1202 1075 1269 accusativi
1097 1221 1169 1270 oum
1191 1202 1247 1268 ini.
1270 1223 1349 1286 prae
1364 1222 1400 1270 se

272 1304 343 1386 fert,
367 1301 455 1369 sed'
446 1323 482 1366 ιι
496 1300 554 1366 iila
569 1301 629 1366 hoo
645 1300 843 1384 potissimum
859 1321 936 1366 ισιι
927 1299 1086 1383 aeoedit,
1110 1299 1195 1383 quod
1209 1297 1396 1382 infinitivus,

273 1401 329 1488 qui
351 1377 433 1466 nihil
454 1398 545 1464 alind
568 1405 637 1465 erat
658 1417 754 1481 quam
776 1397 864 1464 nuda
878 1399 970 1466 verbi
991 1398 1079 1464 notio
1095 1399 1148 1464 vei
1163 1397 1400 1466 substantivum

174 1567 178 1582 ,
271 1496 454 1580 verbale,
439 1516 510 1580 Jam
531 1497 630 1582 piena
652 1496 880 1562 enuntiationis
902 1497 944 1609 ιι,
968 1515 1052 1579 quae
1072 1495 1157 1562 inest
1178 1495 1277 1561 verbo
1299 1495 1399 1580 finito,

273 1601 412 1662 ornatur.
456 1593 560 1673 Quam
582 1594 624 1660 ob
645 1611 713 1660 nem
735 1593 885 1677 quoniam
906 1592 942 1659 in
963 1593 1137 1660 accusativi
1158 1612 1229 1658 oum
1243 1593 1300 1658 ini.
1321 1602 1400 1682 stru-

212 1733 215 1748 »
273 1699 363 1759 otura
390 1689 567 1758 infinitivus
594 1697 721 1775 tempus
742 1689 928 1773 indioativi,
951 1690 1042 1774 oujus
1070 1691 1173 1756 instar
1194 1690 1318 1774 positus
1341 1699 1400 1775 oet,

275 1789 407 1872 indieat,
422 1789 484 1855 hae
497 1793 577 1856 nota
591 1790 751 1872 genuinus
765 1789 969 1856 aoousativus
984 1808 1011 1853 α.
1026 1787 1097 1870 ιιι,
1113 1787 1167 1854 vel
1180 1789 1400 1856 nominativus

276 1907 347 1954 oum
362 1886 428 1970 ini,
443 1886 499 1970 qui
514 1887 573 1953 sub
587 1885 674 1952 idem
689 1906 792 1970 genus
807 1885 903 1967 ondit,
916 1887 957 1952 ob
969 1885 1161 1967 adulterino,
1177 1891 1211 1950 ut
1226 1886 1272 1952 ito
1282 1885 1399 1969 dinam,

276 1985 396 2071 optime
422 1983 656 2050 internosoitur.
701 1984 785 2050 Nam
813 1985 848 2049 in
877 1983 1016 2068 simplici
1038 1981 1212 2061 infinitivo,
1243 1984 1304 2050 etei
1326 2005 1400 2050 oum

273 2083 457 2150 aecusativo
479 2081 699 2166 ooujungitur,
728 2081 848 2165 gradus
876 2081 1029 2165 temporis
1050 2081 1103 2146 vel
1125 2086 1401 2164 temporum-oon·

274 2180 394 2246 secutio
416 2199 482 2244 non
504 2185 641 2261 curatur,
664 2187 699 2245 ut
722 2178 863 2257 δυνατὸς
885 2180 1014 2264 πρᾶξαι
1036 2177 1148 2254 (Thoe.
1171 2179 1196 2260 Ι,
1223 2182 1292 2261 128,
1309 2179 1343 2266 5)
1369 2188 1401 2248 et

275 2273 417 2353 δυνατὸς
444 2276 553 2360 λέγειν
583 2277 641 2341 καὶ
669 2274 836 2359 πράσσειν
860 2277 903 2358 (Ι,
929 2279 998 2351 139,
1023 2273 1073 2359 4);
1104 2271 1165 2340 κάν
1186 2274 1294 2362 τούτῳ
1318 2275 1398 2345 οὐδὲ

273 2371 561 2440 καταλύεσθαι”
544 2397 595 2439 ιιι
624 2372 726 2438 καλὸν
756 2371 796 2458 (Ι,
821 2377 871 2456 81,
896 2372 930 2458 2)
961 2379 993 2440 et
1021 2361 1060 2438 οὗ
1088 2385 1267 2454 μετασχεῖν
1296 2375 1399 2442 καλὸν

276 2469 381 2570 (VIII,
405 2474 434 2554 2,
461 2469 509 2557 1);
540 2469 710 2554 ξύμμαχόν
732 2495 769 2568 τι
793 2468 915 2538 οὐδένα
937 2469 1179 2554 βουλόμενοι’
1162 2495 1307 2552 εχειν-
1320 2497 1398 2540 ovas

273 2551 549 2653 παρακαλοῦντες
571 2567 798 2650 αἰσχύνεσθαι
820 2567 861 2654 (Ι,
884 2573 935 2651 37,
953 2572 984 2646 2)
1007 2576 1040 2634 et
1060 2566 1226 2652 βούλομαι
1249 2568 1401 2656 δηλῶσαι

273 2666 311 2750 (Ι,
335 2662 819 2753 73,1);προυναξει2εῑν(91
840 2672 909 2750 190,
928 2664 960 2751 1)
976 2673 1009 2732 et
1023 2671 1163 2748 κομίσαι
1178 2666 1264 2752 (VII
1281 2671 1399 2753 29,1);

272 2759 470 2850 ἀφικνεῖται
489 2799 531 2810 -
552 2758 571 2828 ὃ
594 2768 793 2841 Παυσανίας
815 2784 858 2830 so.
875 2799 914 2812 -
931 2762 968 2841 ἐς
987 2757 1286 2850 Ἑλλήσποντον
1248 2789 1291 2830 ια
1310 2766 1401 2854 πρὸς

273 2859 418 2944 βασιλέα
440 2858 622 2944 πράγματα
638 2860 818 2944 πράσσειν,
836 2869 872 2927 ιι
886 2862 1017 2945 negotia
1031 2881 1102 2927 oum
1117 2881 1193 2945 rege
1207 2864 1401 2946 transigeret

275 2959 313 3039 (Ι,
339 2961 410 3038 128,
434 2955 486 3043 2),
519 2965 551 3024 et
575 2954 746 3044 Ἀσταόχῳ
775 2958 990 3044 παραδοῦναι
1018 2959 1078 3035 τὰς
1107 2966 1187 3036 ναῦς
1209 2961 1398 3044 ξομπλέιον,

273 3052 474 3122 attractaret
495 3055 632 3121 classem
655 3054 758 3140 (VIII,
782 3059 832 3139 29,
855 3055 906 3141 2);
934 3053 1152 3142 Ἀλκιβιάδης
1173 3054 1333 3125 ἐδίδασκε
1356 3095 1400 3108 -

273 3149 352 3229 τοὺς
363 3149 663 3234 Λακεδαιμονίους
674 3173 718 3220 so.
729 3189 772 3202 -
782 3153 841 3239 τὴν
852 3155 1034 3220 Δεκέλειαν
1048 3151 1297 3237 ιειχιζειν(ιἸΙ,
1309 3160 1357 3239 18,
1366 3163 1398 3232 2)
1420 3211 1423 3217 .

275 3256 308 3318 ei
329 3247 363 3314 οἱ
384 3247 585 3315 Χαλκιδέων
614 3255 778 3334 πρέσβεις
806 3249 988 3318 ἐδίδασκον
1017 3247 1117 3315 αὐτὸν
1145 3249 1190 3338 μὴ
1224 3248 1398 3334 ὑπεξελεῖν

274 3351 322 3432 τῷ
343 3345 518 3433 Περδίκκᾳ
538 3345 581 3410 ιὰ
604 3346 699 3414 δεινὰ
720 3349 789 3431 (Ν,
813 3351 870 3430 83,
894 3345 939 3434 2).
983 3347 1022 3412 In
1044 3349 1225 3415 aecusativo
1248 3371 1318 3416 oum
1340 3352 1398 3418 inf.

226 3517 229 3523 ,
261 3451 385 3510 eontra
417 3444 570 3528 temporis
605 3445 778 3528 rationem,
816 3465 899 3528 quae
933 3447 1018 3512 inter
1040 3445 1190 3512 ‘annones
1218 3450 1398 3516 sententiae

274 3541 447 3626 primariae
469 3547 501 3607 et
521 3540 732 3608 secundariae
752 3542 940 3627 internecini,
963 3562 1090 3627 semper
1110 3543 1283 3627 signifioari
1297 3547 1399 3618 moni·

275 3639 387 3707 festius
409 3645 458 3705 est
479 3658 575 3722 quam
598 3645 633 3704 ut
653 3639 854 3723 probandum
877 3642 919 3707 sit
942 3640 1108 3724 exemplis.

360 3735 483 3816 Quodsi
512 3755 669 3803 summam
691 3756 816 3818 eorum,
847 3757 929 3821 quae
960 3738 1002 3804 de
1022 3737 1180 3805 infinitivo
1202 3739 1312 3806 aoristi
1335 3740 1397 3806 dis·

275 3833 473 3920 putavimus,
506 3834 617 3917 paneis
646 3834 919 3919 comprehendere
941 3837 1104 3919 volumus,
1138 3837 1184 3903 sio
1213 3837 1397 3903 erit-stutu-

276 3930 410 3999 endum:
432 3929 534 4016 primo
550 3929 741 3998 infinitivum
756 3932 875 4016 aoristi,
897 3953 968 3999 oum
984 3941 1155 4018 augmento
1171 3941 1308 4016 careret,
1333 3955 1397 4000 non

274 4047 347 4096 esse
367 4025 531 4112 praeteriti
552 4029 705 4114 temporis
725 4029 905 4114 proprium,
939 4030 997 4100 sed
1018 4031 1138 4099 nudam
1160 4031 1237 4098 faeti
1257 4051 1397 4098 momon-
