2958 4868
285 409 359 474 ‘132
801 409 912 467 Fritseh

296 583 479 672 σνγκσπήν,
502 583 586 668 quod
609 584 741 650 Lobeelr
764 584 798 660 (l.
813 588 853 660 δ.)
875 581 1003 666 laudat3
1024 581 1059 648 in
1075 580 1186 669 δῆσθε
1208 590 1318 650 autern
1332 589 1362 650 et
1376 580 1413 666 δῇ

296 685 402 752 erasin
423 683 540 748 laetam
561 702 632 749 esse
653 689 754 766 putat,
777 681 866 746 utin
889 679 989 767 ἒνχῇς
1010 699 1068 765 pro
1091 678 1220 766 ἐγχέῃς.
1264 683 1413 766 Equidem

295 783 484 866 intellegere
505 802 572 846 non
586 800 726 864 pessum,
750 779 828 862 quid
848 779 976 844 intersit
987 779 1073 844 iuter
1089 777 1197 864 δῆσθε
1213 799 1273 863 pro
1291 779 1410 868 δέησθε

297 881 349 946 rel
374 879 416 967 δῇ
438 900 495 964 pro
519 875 579 964 δέῃ
604 885 637 944 et
659 876 761 962 δῆσεν
783 897 840 962 pre
864 875 995 964 δέησεν.
1025 876 1103 942 Jure
1125 897 1238 943 ornnes
1259 879 1323 944 viri
1337 881 1411 946 detti

293 977 482 1063 judiearunt
505 974 565 1062 δέῃ
589 995 661 1042 esse
683 979 880 1040 contractum
902 973 937 1038 in
961 973 1019 1060 δῇ,
1046 981 1083 1039 ut
1103 973 1227 1061 νισιὲῇς
1249 976 1284 1040 in
1307 985 1410 1066 ποιῇς,

296 1071 459 1161 πσιέητσν
481 1075 516 1139 in
544 1079 704 1160 ποιῆσον,
741 1069 860 1158 ἐγχέῃς
886 1071 921 1136 in
949 1069 1064 1157 ἐγχῇς,
1096 1071 1206 1155 itaque
1234 1093 1412 1142 censeamus

296 1191 430 1240 neeesse
450 1177 516 1253 est,
545 1171 642 1236 etiam
663 1170 767 1257 δῆσεν
790 1187 863 1236 esse
883 1175 1081 1235 eontrautum
1103 1189 1144 1235 ex
1169 1167 1309 1257 δέῆσεν,
1333 1195 1412 1258 pree

297 1269 407 1338 sertim
430 1289 502 1334 eum
526 1268 597 1352 jam
618 1275 716 1334 antea
741 1266 932 1351 viderimus,
970 1289 986 1330 ε
1009 1285 1081 1330 eum
1104 1291 1123 1354 η
1146 1267 1242 1335 laeile
1268 1271 1303 1336 in
1325 1291 1412 1354 unam

297 1367 428 1450 longam
450 1368 597 1432 venalem
619 1365 787 1432 eonfluere.

383 1466 411 1530 Ε
427 1463 669 1548 pronominibus
682 1463 849 1529 afferenda
863 1468 938 1528 sunt
953 1448 1041 1547 ἧμας
1056 1487 1084 1526 π
1099 1468 1171 1547 372,
1196 1441 1289 1550 σφδς
1305 1469 1334 1530 E
1348 1471 1410 1548 567,

299 1560 391 1648 σφὰς
418 1559 481 1647 γάρ
509 1566 531 1643 β
554 1564 616 1626 237
645 1582 704 1645 pro
733 1556 840 1646 ῆμέας
869 1569 902 1629 et
930 1560 1056 1650 σφέας;
1093 1584 1176 1646 quae
1202 1564 1344 1631 imitatus
1371 1571 1412 1631 est

298 1658 467 1744 Oppianus
502 1659 576 1724 Hal.
614 1659 662 1738 II,
693 1661 765 1737 231,
804 1659 884 1743 (iyn.
917 1663 943 1741 I,
973 1666 1029 1725 471
1072 1663 1123 1738 (ef.
1159 1662 1262 1728 Lehrs
1300 1669 1410 1745 quaest.

299 1777 348 1840 ep.
374 1761 463 1840 306l3
499 1781 515 1822 r
537 1757 633 1840 igitur
659 1756 694 1821 in
723 1755 772 1824 his
799 1757 910 1823 formis
938 1758 1094 1824 enelitieis
1123 1759 1227 1842 ejeeta
1255 1767 1359 1825 estut
1383 1761 1411 1824 in

299 1852 381 1937 ἐμός
404 1861 463 1920 eet.

384 1953 496 2018 Restat
516 1957 553 2016 ut
574 1950 615 2016 de
638 1952 799 2018 homerico
820 1941 982 2038 νῆγέσδσς
1004 1973 1149 2036 agamus.
1171 1954 1206 2018 in
1228 1962 1411 2036 querente
1462 2009 1463 2038 ,

299 2050 458 2135 aelisam
480 2069 552 2115 esse
579 2049 786 2116 contendunt
828 2049 902 2115 Jam
927 2051 1104 2116 Buttmann
1133 2051 1277 2134 (lexilog.
1300 2053 1325 2133 I,
1348 2055 1410 2124 203)

298 2147 460 2212 intellexit
474 2143 652 2232 νη-γάτεσς
673 2168 731 2230 pre
751 2145 931 2233 νδῆ-γανσς
953 2155 1140 2232 usurpatum
1162 2169 1234 2214 esse
1256 2149 1409 2216 eteoclem
1462 2157 1463 2208 l

300 2244 396 2310 mede
411 2245 580 2309 formatum
593 2264 655 2328 quo
667 2241 858 2330 νεη-νενῆς,
873 2245 931 2312 εδδ
944 2245 1029 2328 quod
1041 2245 1177 2326 addidit,
1202 2270 1218 2310 δ
1237 2267 1309 2313 esse
1321 2253 1410 2312 trans

299 2344 447 2426 positam,
469 2343 516 2406 ita
537 2349 572 2406 ut
586 2363 644 2425 pro
666 2365 827 2428 νεῆγδτσς
849 2341 1011 2428 νηγάσδσς
1032 2344 1232 2426 scriberetur,
1256 2345 1317 2410 hoe
1337 2365 1410 2428 pror·
1462 2423 1463 2428 ¹

300 2461 354 2507 sus
369 2441 555 2522 negandum
578 2446 634 2506 est.
667 2439 779 2505 Potius
801 2437 980 2526 νῆ-γάτδσς
994 2461 1015 2505 a
1029 2446 1285 2527 *νδηῇα-τδο-ις
1300 2443 1409 2510 deriva-
1462 2465 1463 2482 ι

299 2545 368 2604 tum
385 2544 443 2619 est,
459 2545 494 2602 ut
509 2537 636 2602 Curtius
649 2537 685 2602 in
699 2537 818 2602 seholis
833 2537 899 2602 suis
914 2539 1076 2621 exposuit:
1098 2559 1174 2602 narn
1190 2539 1288 2604 etiam
1303 2541 1370 2606 aliis
1381 2539 1406 2601 in

299 2636 433 2702 renibus
454 2636 556 2702 torma
577 2635 715 2700 similem
737 2635 770 2699 in
798 2633 928 2698 modum
957 2635 1152 2718 amplifieata
1179 2657 1251 2701 eum
1280 2638 1407 2704 breviore

199 2806 210 2820 χ
300 2735 451 2812 alternat,
474 2738 510 2796 ut
531 2730 648 2812 λσχεός
670 2739 703 2798 et
723 2731 822 2812 λόχος
844 2733 931 2807 (Ηδε.
954 2733 999 2796 th.
1025 2737 1108 2814 178),
1141 2731 1268 2817 βρότσς
1291 2742 1322 2801 et
1341 2730 1408 2818 βρό-

300 2854 377 2908 σδσς
398 2855 418 2894 τ
441 2835 513 2909 545,
544 2829 619 2894 Hes.
642 2849 716 2912 opp.
740 2833 818 2910 416,
847 2826 992 2906 ὕστατος
1020 2836 1053 2895 et
1079 2825 1252 2910 ὑστάτιος,
1281 2833 1408 2903 λοῖσθος

303 2935 335 2994 et
355 2928 514 3002 λδίσθισς
541 2925 592 3004 (ef.
616 2925 780 3006 ,‚Grdn.“³
803 2929 887 3001 626).
931 2933 1022 3013 Νδη-
1049 2933 1156 2993 autem
1184 2925 1219 2992 in
1247 2953 1305 3015 νη-
1325 2935 1409 2994 muta·
1462 2977 1463 3024 p

302 3031 370 3090 tum
393 3031 451 3104 est,
474 3023 532 3088 sed
555 3046 571 3087 ε
594 3041 666 3088 esse
688 3023 801 3088 elisam
823 3025 878 3088 vix
900 3023 964 3089 diei
991 3032 1113 3108 potest,
1144 3045 1216 3090 eum
1234 3025 1305 3108 jam
1326 3043 1408 3108 saepe
1462 3039 1463 3116 J

300 3116 552 3189 intellexerimus
574 3119 623 3197 (ef.
647 3118 812 3209 δεσσδῆς,
836 3121 966 3207 δῆσεν),
990 3146 1005 3187 ε
1029 3143 1135 3209 eump
1156 3123 1252 3189 iaeile
1274 3127 1308 3190 in
1327 3141 1408 3188 unam

302 3221 434 3302 longam
462 3219 607 3282 vocalem
635 3217 810 3300 confluere,
843 3219 928 3300 quod
956 3220 988 3282 in
1017 3220 1077 3286 hae
1099 3239 1227 3302 quoque
1255 3241 1332 3288 voee
1352 3235 1408 3284 esse

302 3317 420 3384 laetum
448 3314 584 3382 videtur.
628 3314 784 3397 Ejusdem
812 3317 920 3399 stirpis
948 3340 1020 3382 νδ-σ
1053 3343 1068 3384 δ
1097 3317 1226 3383 videtur
1256 3317 1408 3384 evanuisse

302 3415 336 3480 in
365 3410 507 3488 ν-σσσός
535 3432 593 3496 pre
623 3411 780 3495 νεοσσός,
817 3414 876 3479 εδδ
904 3413 1114 3480 addubitatnr
1140 3437 1161 3480 a
1188 3415 1349 3482 Lebeelrie
1374 3409 1427 3476 ad·

303 3512 424 3596 Phryn.
448 3513 520 3574 206.

609 3683 628 3761 ς
654 3683 701 3744 ιε.
747 3679 880 3746 vasu
901 3681 1124 3762 Quamnam.

390 3797 429 3862 In
450 3797 627 3880 participiis
649 3798 833 3878 verberum,
857 3819 989 3880 quorum
1012 3800 1128 3884 stirpes
1150 3799 1185 3864 in
1206 3801 1345 3866 vocalem
1364 3813 1405 3860 en·

305 3901 398 3974 eunt,
426 3895 468 3958 ab
490 3895 605 3961 Attieis
625 3896 748 3960 vocalis
775 3897 883 3980 stirpis
913 3916 1039 3980 semper
1065 3904 1142 3962 aute
1168 3898 1405 3964 terminationem

305 3990 439 4074 ejicitur.
484 3991 537 4056 Sin
567 3993 668 4059 habes
698 3991 750 4076 (ef.
782 3993 866 4060 Ourt.
896 4015 963 4077 „ga
987 3994 1156 4077 Schulgr.“
1186 3993 1302 4080 §sill
1336 3993 1405 4058 hen.
1462 3989 1463 4012 ¹
