2972 4868
251 461 313 524 290
369 441 371 448 Ι
746 465 889 520 Fritzsoho

250 642 403 721 ,αναίναιιι
424 655 491 704 non
512 637 619 703 iaooro
645 635 765 702 audet“
788 635 910 702 Charis.
940 657 972 720 p.
995 637 1076 716 240,
1098 639 1138 700 27
1177 633 1240 716 (od.
1263 633 1376 716 Keilii,

249 753 385 819 graeoao
399 736 500 800 nulla.
531 733 603 799 Uno
626 735 711 799 enim
734 739 922 821 παμφαίνα
944 741 1079 816 exeepto
1101 735 1204 796 omnio
1226 733 1378 796 ααααίαία

247 854 362 916 ρναεαα
384 832 522 894 radicem
541 829 696 915 praebent
715 837 746 893 in
762 857 781 916 ρ
797 833 993 913 ιίειίαααίαα,
1018 833 1143 914 reliqua
1157 838 1262 896 autem
1276 829 1379 895 valde

248 936 398 1014 suspsota
427 936 511 996 sunt.
555 930 605 994 De
633 927 783 1008 κοεκίζω
811 949 842 994 ν.
865 951 897 1013 p.
921 933 956 1012 83
990 929 1032 994 de
1057 925 1205 1013 γογγύζω
1233 927 1379 992 dioemns

248 1029 334 1094 inira
355 1030 384 1107 §.
409 1033 427 1090 5
450 1028 506 1109 Α.;
538 1029 663 1106 τέττιξ,
692 1027 777 1109 quod
806 1047 824 1094 o
851 1041 978 1111 τεν-τίν
1007 1027 1117 1092 radiae
1144 1028 1254 1109 ignota
1282 1025 1380 1090 duxit

249 1125 372 1191 Pottius
395 1125 451 1206 11¹,
475 1127 532 1206 29,
566 1125 812 1208 onomatopoeia
839 1123 946 1190 fiotum
976 1133 1026 1190 est
1052 1145 1156 1207 neque
1184 1125 1331 1189 alienum
1359 1143 1380 1186 a

249 1223 424 1302 τῑ-τί-ζ-ω.
467 1223 584 1286 Earum
613 1229 720 1286 autem
749 1223 1002 1306 radioum'quae
1030 1224 1135 1288 nasali
1164 1223 1380 1287 terminantur

250 1321 336 1403 quod
358 1325 487 1403 praetor
509 1341 578 1405 φαν
600 1317 743 1405 (φαίνω)
771 1321 861 1385 nulla
885 1341 979 1403 qnam
1007 1323 1155 1386 novimus
1177 1339 1248 1386 earn
1269 1319 1380 1402 dupli·

250 1419 408 1483 nationem
431 1417 574 1500 praebet,
597 1416 715 1482 aooidit
736 1437 822 1498 onon,
851 1437 922 1482 oum
945 1419 995 1484 his
1017 1439 1082 1484 non
1104 1419 1211 1484 obstet
1230 1437 1269 1482 ea
1293 1435 1380 1498 quae

250 1515 382 1597 reliquis
405 1517 559 1598 junctura
586 1515 720 1580 absona.
764 1517 806 1579 At
835 1514 876 1581 de
906 1521 1124 1599 βαμβαίνειν,
1158 1513 1379 1599 γαγγανεύειν

250 1614 345 1678 aliter
365 1618 542 1678 statuemus
563 1611 662 1694 inlra3
688 1612 730 1678 ds
751 1611 903 1699 ναγγάμη
927 1612 1024 1697 (reto)
1046 1620 1154 1679 autem
1177 1621 1209 1678 et
1230 1613 1270 1676 de
1297 1611 1380 1676 δαν-

252 1709 379 1774 datram
402 1705 591 1792 (ἀτενίζειν.
614 1709 816 1796 φροντίζειν.
839 1718 1003 1792 μεριμνᾶν
1026 1711 1113 1792 Hes,
1142 1708 1378 1775 ἐνδανόαίνειν

248 1807 308 1892 id.)
331 1808 412 1872 nihil
424 1807 493 1890 jam
509 1814 643 1872 oonstat.
678 1809 745 1873 Eoo
768 1809 886 1874 deindo
908 1828 990 1891 quae
1011 1808 1044 1872 in
1066 1807 1085 1870 ί
1107 1806 1228 1872 eadunt
1247 1805 1380 1872 radices

249 1924 361 1971 omnes
383 1905 528 1970 nasalem
551 1904 620 1986 ejus
642 1905 713 1970 loeo
734 1912 929 1990 aooepemnt
949 1907 985 1970 in
1005 1905 1112 1988 priore
1133 1903 1276 1988 syllaba:
1314 1905 1379 1967 ταλ

249 2003 388 2067 ταν-ταί
419 2000 464 2084 (v.
486 2000 585 2082 inin).
620 2009 663 2048 2-
699 2003 738 2066 1n
761 2029 779 2088 ρ
801 2011 909 2069 autom
931 2003 1146 2068 desinentium
1168 2023 1305 2086 magnus
1327 2010 1379 2069 est

248 2119 415 2166 numerus:
832 2163 834 2169 A

333 2193 592 2280 βαρ-βάρ-α,
626 2195 833 2280 emplastrum
856 2198 1034 2280 quoddam,
1065 2219 1128 2263 vox
1150 2197 1287 2262 fortasse
1309 2217 1376 2262 non

246 2313 373 2379 graeca.
1086 2311 1090 2324 '

334 2389 598 2476 βάρ-βαρ-ος
621 2398 653 2456 et
675 2410 758 2472 quae
779 2391 856 2457 indo
871 2392 1057 2458 derivantur
1070 2391 1114 2456 ad
1128 2411 1240 2456 vooem
1262 2393 1375 2457 balbu-

248 2491 396 2556 tientium
419 2495 451 2554 et
473 2487 712 2572 peregrinorum
734 2489 924 2554 imitandam
949 2497 1023 2555 sunt
1044 2487 1134 2574 fiota3
1162 2489 1201 2554 of.
1225 2510 1284 2555 sor.
1307 2489 1373 2552 bol-

249 2585 477 2650 ίαί-ί-Ιιανίαα·
492 2586 646 2669 balbutio,
670 2606 754 2670 pers.
777 2586 909 2650 ίαν-ίαν
930 2588 1087 2668 garrulus.
1110 2623 1151 2632 —
1173 2591 1373 2672 βαρ-β-ακί-

250 2685 317 2765 ζειν
340 2683 423 2748 ἰαίνει
445 2685 474 2762 ᾖ.
499 2687 517 2746 5
540 2683 576 2747 Β.

293 2833 295 2840 ,
333 2779 649 2863 βερ-βερ-ίζειν
693 2779 934 2866 (βατταρίζων
977 2779 1016 2844 τὸ
1054 2779 1090 2846 ἒν
1126 2787 1167 2866 τῇ
1206 2784 1372 2866 συνηθείᾳ

248 2878 458 2964 βαρβαρίζειν
480 2879 516 2944 Ε.
533 2878 591 2961 Μ.)
615 2883 664 2943 est
685 2878 771 2943 idem
794 2878 880 2961 quod
901 2877 1121 2963 βαρβαρίζειν
1145 2875 1200 2962 (oi.
1223 2877 1371 2962 ydoyoooe

248 2976 416 3061 liores«)-

333 3077 624 3158 βερ-βέρ-ιον,
661 3093 757 3156 quam
789 3080 914 3140 vestem
949 3073 1054 3138 induit
1086 3067 1105 3138 o‘
1138 3072 1370 3160 περιφόρητος

246 3167 415 3253 Ἀρτέμων
438 3171 554 3234 Anaor.
583 3172 622 3234 ir.
646 3174 681 3233 21
708 3171 834 3254 Bergk,
863 3192 929 3236 non
951 3178 999 3236 est
1021 3171 1139 3238 radicis
1161 3192 1220 3234 ναν
1240 3169 1369 3234 induere

249 3267 400 3352 (Haineb.
424 3265 474 3349 9),
510 3267 567 3333 sed
595 3269 621 3332 si
649 3289 767 3351 graeca
789 3275 839 3334 est
860 3289 924 3334 vox
948 3268 1144 3352 duplicatum
1168 3269 1301 3333 sortasse
1322 3273 1367 3331 est

248 3366 384 3452 βέῤῥαν·
410 3362 512 3450 ὄασύ;
535 3365 573 3430 of.
595 3364 728 3450 βειρόν·
754 3363 848 3431 δασύ.
877 3366 1010 3452 βίῤῥαξ·
1037 3363 1132 3430 δασύ.
1169 3361 1365 3438 Μακεδόνες

246 3463 333 3544 Hos,
368 3462 454 3544 quod
485 3482 504 3528 o
532 3462 666 3546 βερ-ράν
695 3462 774 3547 (αοα
800 3469 940 3547 βερσαν,
974 3465 1028 3530 F.²
1049 3463 1126 3547 475)
1162 3471 1272 3529 natum
1299 3477 1363 3526 esso

249 3567 419 3644 oporteret.

334 3656 608 3742 βόρ-βορ-ας,
633 3677 776 3740 noenum,
800 3659 837 3724 R.
860 3659 992 3726 inoerta.
1037 3660 1121 3726 Nam
1144 3660 1229 3742 quod
1250 3657 1359 3725 nonsart

250 3753 342 3820 Beni.
366 3753 416 3818 W.
438 3755 481 3835 ΙΙ,
508 3759 567 3820 142
592 3760 728 3842 βριῦμας
750 3754 871 3838 (Dioso.
894 3747 1107 3841 βαρβαρίζειν
1129 3765 1249 3825 stereus
1270 3751 1356 3834 olere)

249 3850 282 3914 vi
305 3850 481 3934 disorepat,
505 3873 577 3918 oum
600 3853 686 3918 Batr.
710 3856 772 3918 228
799 3873 880 3920 rano
901 3861 1031 3920 vocetur
1052 3859 1309 3940 βαρβαροκαίτης
1327 3859 1356 3912 et

216 4015 218 4022 ,
249 3943 500 4032 ὖνταβαρβόριαν
524 3949 632 4033 (Hes.)
653 3951 695 4016 sit
717 3946 736 4038 ἦ
759 3948 849 4036 τρύξ.

333 4045 681 4131 domitor-vij,
704 4045 949 4132 βοείοανννόε»
971 4046 1162 4136 romoni
1185 4043 1293 4132 (ποιός
1307 4061 1350 4115 “⁶
