2958 4868
306 433 365 494 146
800 431 932 499 Mangold

302 613 411 673 minen
439 606 645 672 distractione
673 603 730 668 illa
757 622 830 668 eum
858 624 923 668 non
952 603 1107 666 minorem
1137 603 1234 666 risum
1267 606 1418 665 moturum

301 705 401 771 tuisse
423 704 554 770 Graecis
576 701 681 782 credo,
705 720 799 784 quam
822 700 915 766 nobis
937 706 1062 766 nostros
1085 700 1112 765 si
1135 699 1308 764 dixissent:

302 837 410 920 „Seiei
430 843 585 920 gagatem,
617 833 765 914 osecg,
793 833 851 896 mit
871 831 1027 896 rdbtblich
1051 830 1272 896 strahlen'dem
1298 827 1418 911 Gipfel“

302 937 356 1002 vel
379 935 514 1018 „Haabe
530 931 623 998 Stadt
638 929 705 995 und
720 929 846 994 Strasse
861 929 926 994 niie
941 950 976 994 so
992 929 1056 994 still
1079 928 1274 1010 geseeben.“

388 1083 430 1148 Hi
453 1101 564 1148 omncs
585 1080 681 1162 igitur
702 1079 784 1142 mira
805 1078 862 1142 illa
885 1083 1026 1142 veterum
1049 1076 1089 1142 de
1103 1077 1270 1144 vocalibus
1293 1075 1420 1140 divulsis

304 1181 449 1248 doctrina
484 1199 519 1246 se
554 1177 693 1243 liberare
727 1196 792 1241 non
829 1181 1009 1258 potuerunt.
1053 1175 1219 1238 Liberavit
1246 1193 1325 1240 vero
1356 1192 1421 1238 sese

304 1277 588 1359 Goettlingius
616 1274 724 1356 ,‚Allg.
747 1274 783 1338 L.
807 1293 836 1336 v.
859 1293 906 1355 gr.
929 1273 1027 1340 Acc.“
1050 1275 1090 1336 97
1114 1291 1193 1354 sqq„
1224 1269 1278 1352 qui
1308 1270 1422 1352 primus

303 1375 436 1460 cogitari
456 1395 523 1439 non
544 1391 640 1456 posse
662 1370 703 1436 de
731 1371 857 1454 poetica
879 1371 1025 1448 licentia,
1060 1369 1118 1436 sed
1146 1370 1191 1432 ita
1220 1366 1423 1449 accipiendas

304 1493 374 1540 esse
395 1473 513 1541 formas
535 1471 626 1551 illas,
656 1474 692 1532 ut
713 1468 1027 1533 assimulatione
1050 1466 1257 1532 vocalium
1281 1471 1313 1530 et
1335 1459 1423 1544 εὐχε-

304 1568 397 1646 τάεις
418 1571 452 1634 in
475 1563 634 1652 εὖχετάᾳς
656 1571 688 1632 et
711 1562 854 1648 ὃράοντα
876 1567 908 1630 in
925 1562 1076 1648 ὃρόωντα
1099 1569 1222 1628 mutata
1244 1581 1319 1641 esse
1337 1569 1422 1645 puta·

303 1687 418 1742 remus,
442 1666 561 1749 optime
583 1671 679 1746 atque
702 1662 820 1730 diserte
844 1664 980 1730 edocuit.
1024 1662 1127 1740 Quam
1150 1659 1420 1726 assimulationem

304 1764 330 1830 si
353 1763 564 1847 agnoscimus,
588 1783 653 1827 non
676 1781 853 1844 possumus,
878 1761 954 1844 quin
978 1755 1045 1845 ὃριῦ
1070 1778 1112 1824 ex
1135 1753 1224 1842 ὁρόω
1247 1764 1351 1822 ortum
1373 1776 1421 1821 nc·

304 1881 375 1944 que,
398 1860 432 1924 id
454 1860 539 1942 quod
554 1860 724 1924 voluerunt
737 1866 862 1924 veteres
878 1866 909 1923 et
923 1858 1134 1922 recentiorum
1150 1875 1230 1938 quos
1250 1854 1421 1933 nominavi,

305 1953 392 2039 ὁρόω
417 1977 457 2022 ex
480 1953 549 2041 ὃριῦ
572 1957 757 2023 distractum
781 1977 851 2023 esse
873 1962 1031 2040 putemus.

390 2055 482 2120 Hanc
503 2056 632 2120 viam'a
654 2055 850 2136 Goettlingio
880 2056 1006 2136 egregie
1028 2053 1183 2116 munitam
1213 2051 1358 2135 plerique
1379 2050 1422 2114 in-

304 2154 405 2236 gressi
433 2153 529 2218 etiam
558 2153 684 2235 longius
712 2151 862 2236 progredi
892 2157 1079 2234 potuerunt,
1114 2150 1155 2214 de
1183 2149 1298 2232 quibus
1326 2149 1423 2232 prius·

304 2271 399 2334 quam
422 2250 572 2331 reseram,
606 2259 782 2316 ceterorum
805 2250 988 2333 opinionon,
1024 2247 1076 2329 qui
1105 2247 1235 2328 quidem
1264 2247 1337 2313 aliis
1365 2247 1422 2310 viis

184 2365 185 2374 ¹
303 2349 347 2414 ad
369 2347 558 2431 cognitionis
579 2349 747 2414 veritatem
776 2367 811 2414 se
838 2352 1049 2430 perventuros
1072 2364 1141 2410 esse
1169 2345 1342 2428 putabant,
1373 2363 1422 2409 cx·

303 2445 499 2512 aminandae
519 2453 616 2528 atquc
636 2446 856 2512 recensendae
877 2453 959 2511 sunt.

387 2557 435 2620 Ac
458 2555 740 2621 Mehlbcr·nius
769 2577 815 2638 gr.
838 2576 884 2638 gr.
908 2558 948 2618 el
983 2552 1112 2636 quidem
1141 2573 1334 2635 quamquam
1363 2553 1420 2616 dis·

303 2653 468 2720 tractionis
489 2673 608 2720 nomen
631 2652 913 2735 (‚‚Zerdehnung“')
937 2672 957 2716 a
979 2651 1184 2731 Buttmanno‚
1207 2651 1294 2733 quod
1317 2650 1417 2728 sciam,

303 2753 468 2816 inventum
490 2751 560 2834 ipsc
582 2757 697 2831 servat,
722 2752 814 2816 aliter
829 2769 896 2815 rcm
914 2749 975 2814 sibi
990 2747 1081 2830 fingit
1096 2755 1192 2830 atque
1214 2750 1281 2814 ille.
1319 2749 1418 2812 Habet

304 2849 388 2914 enim
411 2849 506 2914 haec:
536 2848 606 2930 „sic
627 2853 681 2926 (sc.
705 2850 845 2924 vocales)
868 2846 941 2912 sind
963 2847 1058 2912 beide
1079 2845 1199 2927 fidesig‚
1222 2845 1318 2912 beide
1340 2851 1417 2926 mrig-

304 2947 502 3013 licherweisc
523 2947 602 3028 lang
625 2945 703 3011 oder
725 2947 814 3026 kurz,
837 2945 903 3010 und
926 2944 983 3009 der
1005 2951 1106 3028 gance
1125 2943 1258 3009 Process
1280 2945 1322 3009 ist
1341 2961 1419 3007 zuar

304 3043 521 3124 merkwtirdig
548 3062 670 3124 genug,
703 3043 782 3108 aber
811 3042 893 3107 doch
925 3062 984 3125 gar
1016 3042 1104 3106 nicht
1135 3043 1339 3128 unnattirlich
1371 3038 1416 3104 bei

304 3143 408 3208 einem
438 3140 580 3216 Dichter,
614 3139 671 3205 der
699 3161 734 3206 so
761 3139 820 3206 frei
849 3140 928 3206 iiber
954 3139 1008 3205 die
1030 3139 1252 3221 Vocallbngen
1281 3140 1415 3204 schaltet.

305 3240 381 3306 Hier
402 3240 445 3304 ist
465 3237 605 3302 naimlicb
628 3238 739 3303 weiter
760 3238 880 3318 ciebis,
904 3238 955 3302 als
976 3240 1048 3302 eine
1071 3237 1120 3302 bis
1141 3257 1178 3300 zu
1202 3238 1282 3303 zwci
1304 3237 1413 3322 Sylben

304 3336 495 3419 gasteigerte
518 3334 795 3417 Verlttngerungf‘
838 3335 877 3399 In
906 3335 1020 3416 quibus
1048 3335 1128 3400 mire
1156 3335 1218 3400 sibi
1248 3336 1317 3418 ipse
1340 3333 1413 3398 cblc

305 3434 426 3516 quitur:
462 3431 552 3496 initio
581 3433 665 3497 enim
694 3433 922 3498 enuntiationis
953 3432 993 3497 de
1020 3431 1145 3497 duabus
1173 3433 1354 3510 vocalibus,
1387 3428 1422 3490 in·

216 3611 218 3618 y
305 3530 367 3596 fine
395 3529 436 3594 de
466 3549 532 3594 una
559 3529 656 3594 valde
685 3531 840 3613 producta
869 3531 968 3619 verba
996 3529 1080 3594 iacit.
1125 3530 1175 3594 lta
1198 3539 1304 3595 autem
1326 3525 1412 3593 Mebl·

305 3627 436 3692 bornius
458 3627 653 3692 anomaliam
676 3627 901 3711 explicandam
931 3627 1092 3692 censuisse
1115 3627 1257 3692 videtur:
1294 3628 1409 3706 longam

306 3725 450 3789 vocalem
473 3725 691 3790 contractione
720 3726 865 3790 effectam
895 3725 976 3790 adeo
1006 3724 1137 3806 produci
1160 3745 1255 3806 posse
1277 3745 1296 3789 a
1316 3727 1408 3805 poete

306 3832 341 3886 ut
361 3821 455 3886 trium
478 3823 529 3886 vel
553 3829 701 3904 quattuor
722 3843 880 3886 morarum
903 3822 973 3886 vice
995 3821 1192 3904 fungeretur(
1221 3821 1271 3886 Ad
1286 3817 1407 3885 eandem

180 3993 183 3998 Ι
207 3952 214 3968 ·
306 3917 372 3983 fere
394 3919 586 3984 sententiam
608 3920 755 4002 pervenit
770 3919 961 3998 Sonnius,
985 3919 1037 4000 qui
1055 3920 1092 3983 K.
1110 3921 1144 3984 Z.
1159 3919 1251 4000 Xlll,
1275 3923 1332 3980 414
1347 3929 1405 3992 sqq·

306 4015 475 4080 subtilibus
511 4036 589 4082 sane
625 4023 721 4098 atquc
750 4017 918 4098 sagacibus
952 4017 993 4082 de
1021 4017 1171 4083 diectasis
1204 4023 1314 4082 natura
1343 4025 1405 4074 con·
