2958 4868
291 419 333 484 98
807 422 917 478 ennon

378 599 407 660 6.
446 599 562 672 σπέος.

378 706 474 771 Voois
498 708 605 781 σπέος
626 723 724 768 unam
746 704 879 770 formam
902 704 1088 787 reperimus,
1110 704 1144 768 in
1167 723 1231 786 qua
1253 705 1404 770 alterans

293 824 365 872 esse
387 805 501 871 elisam
524 821 636 868 omnes
654 801 866 883 consentiunt,
890 801 971 866 haee
987 807 1037 868 est
1061 806 1187 866 σπέσσι
1209 819 1251 866 ex
1275 805 1405 866 σπέεσσι

290 923 350 987 pro
373 922 575 967 σπειτ-εσ-σι
597 899 751 984 dedueta;
782 923 798 966 ε
822 899 918 982 igitur
940 899 1020 964 elisa
1042 906 1090 965 est
1118 907 1153 962 ut
1180 899 1216 988 in
1239 900 1405 964 καλέσκετο

291 1021 349 1085 pro
379 999 581 1064 καλεέσκιτο
610 1006 670 1062 eet.
693 997 732 1062 ei.
762 999 782 1076 6
809 1001 855 1061 12.
900 996 983 1060 Ησίσ
1012 995 1120 1061 dativo
1150 1001 1279 1062 σπέσσι
1303 995 1405 1080 Oppia·

291 1117 367 1164 num
385 1099 463 1180 Cyn.
478 1095 533 1176 IV,
551 1098 613 1159 246
636 1095 837 1178 adaequasse
860 1094 1056 1176 singularem
1079 1099 1163 1160 σπέῑ
1177 1084 1311 1160 Lobeok
1326 1095 1405 1159 Pati.

292 1195 342 1260 El.
365 1194 391 1275 Ι,
416 1195 474 1257 261
501 1200 587 1260 reete
609 1194 817 1277 perspexisse
838 1191 975 1257 videtur.
1020 1266 1023 1274 Ι

377 1290 490 1356 Lieeat
521 1289 601 1355 mihi
630 1290 704 1356 huie
733 1290 842 1355 dativo
871 1293 998 1354 σπέσσι
1026 1286 1109 1354 alios
1131 1289 1259 1356 dativus
1287 1289 1405 1368 addere,

290 1391 325 1456 in
355 1389 470 1472 quibus
493 1412 508 1452 ε
530 1388 635 1470 ejecta
663 1408 735 1454 esse
763 1387 970 1454 existimatur.
1014 1387 1148 1452 Lobeek
1169 1388 1204 1452 P.
1227 1389 1277 1452 El.
1302 1388 1333 1469 I,
1357 1388 1406 1452 259

291 1487 373 1552 haee
401 1487 537 1568 profert:
575 1485 754 1570 ,,6ρομέσι,
780 1489 912 1566 ιοκέσι,
936 1481 1085 1570 Σιφοὶεσι
1113 1484 1276 1550 deelinata
1303 1491 1406 1550 sunta

291 1583 490 1649 nominativo
513 1585 612 1666 plur.:
650 1583 809 1668 ὄρσμέες,
838 1588 970 1661 τοκέες,
999 1587 1149 1668 Σιφσέες
1178 1584 1296 1649 omisso
1318 1585 1406 1648 altero

269 1684 343 1761 Ιε.“
385 1681 451 1748 Sed
480 1681 598 1746 erravit
620 1681 669 1746 vir
692 1680 910 1758 doctissimus,
939 1700 1014 1744 nam
1039 1680 1181 1744 dativum
1210 1699 1252 1746 ex
1273 1681 1406 1746 nomina·

291 1778 359 1843 tivo
388 1785 490 1842 ornum
519 1771 591 1844 esse
618 1777 708 1842 nullo
736 1777 832 1842 modo
860 1777 992 1843 oonoedi
1024 1785 1139 1861 potest.
1189 1779 1260 1860 Ego
1289 1779 1406 1861 quiden

291 1895 480 1960 persuasum
502 1875 606 1940 habeo
629 1880 745 1940 τοκέσι
766 1882 825 1940 eet.
848 1875 967 1940 formas
990 1882 1152 1942 ennemae
1173 1878 1356 1957 graecitatis
1375 1896 1407 1941 ex

292 1973 376 2039 falsa
397 1973 550 2055 analogia
571 1971 802 2055 adjeetivorum
825 1973 859 2038 in
881 1998 916 2037 -v
941 1967 1039 2059 (ἡδύς
1060 1965 1137 2057 eet.)
1160 1973 1314 2038 formatas
1336 1992 1406 2039 esse.

293 2072 407 2154 Neque
428 2071 522 2136 aliter
544 2069 740 2136 censendum
763 2078 812 2136 est
826 2069 867 2136 de
883 2069 992 2136 dativo
1014 2075 1094 2152 βοσί
1117 2070 1226 2146 (Anth.
1242 2071 1316 2149 VII,
1332 2075 1406 2150 622),

292 2170 434 2252 quinon
457 2187 498 2233 ex
519 2166 618 2250 βόεσι
641 2167 812 2251 deductus,
836 2168 895 2234 sed
918 2187 960 2233 ex
981 2169 1134 2250 analogia
1154 2169 1298 2250 genetivi
1318 2165 1407 2250 βο-ός

292 2266 446 2332 formatus
469 2272 526 2331 est.
570 2268 652 2330 Tum
674 2265 801 2347 Krdger
822 2266 911 2348 (,‚Gr.
935 2263 1012 2330 Gr.“
1036 2272 1054 2342 ξ
1073 2269 1122 2347 17,
1140 2271 1169 2347 4,
1193 2265 1226 2348 2)
1248 2285 1406 2350 perperam

288 2363 466 2448 judieavitq
488 2363 523 2426 in
546 2362 664 2428 dativis
686 2360 819 2440 ἔπεσσι,
842 2359 1006 2442 ἀεικέσσι,
1029 2364 1229 2441 πελέκεσσι,
1261 2363 1405 2439 δέπασσι,

292 2466 431 2528 νέκυσσι
453 2461 589 2526 alteram
612 2484 628 2525 ε
653 2479 723 2527 esse
753 2459 904 2544 ejectam,
938 2482 1009 2528 eum
1036 2462 1180 2543 legitima
1207 2461 1331 2528 ratione
1355 2467 1405 2525 ter-

292 2562 426 2627 minatio
442 2562 544 2627 dativi
565 2584 619 2627 -σι
642 2581 712 2627 eum
735 2561 887 2644 stirpibus
910 2561 1011 2642 ἕπεο,
1040 2560 1166 2643 ἄεικεσ,
1190 2562 1335 2630 πελεκεσ
1354 2567 1404 2626 eet.

293 2660 464 2742 eonjuneta
486 2659 537 2725 sit.

379 2830 408 2888 7.
444 2829 553 2909 χρέος.
605 2904 612 2910 .

378 2937 496 3004 Voeem
509 2941 609 3020 χρέος
625 2955 666 3002 ex
679 2960 782 3023 χρηος
804 2957 861 3020 pro
880 2963 1024 3022 χραι-ος
1039 2947 1217 3024 correptam
1233 2961 1306 3007 esse
1319 2940 1403 3019 Bmg·

292 3055 368 3100 man
392 3034 499 3119 (stud.
523 3033 578 3114 IV,
606 3032 679 3118 158)
707 3053 894 3117 persuasum
916 3035 1030 3120 habet3
1061 3045 1169 3104 tamen
1198 3039 1232 3103 in
1260 3039 1321 3104 hoe
1342 3055 1403 3119 quo·

292 3151 355 3215 que
376 3132 475 3198 verbo
498 3131 587 3195 utin
616 3131 713 3208 κλέος
742 3140 774 3198 et
804 3138 910 3210 σπέος
939 3134 1179 3201 eoncedendum
1209 3143 1274 3217 est,
1310 3161 1331 3200 ι
1350 3150 1403 3198 non

292 3251 420 3315 semper
443 3228 684 3314 productionem
707 3230 937 3314 suppletoriam
961 3231 1102 3316 eifieer03
1129 3253 1205 3297 nam
1227 3234 1262 3297 in
1286 3227 1402 3298 Hesiodi

292 3349 366 3414 opp.
390 3332 452 3393 647
479 3329 562 3412 χρέᾰ
590 3327 763 3410 reperitur,
801 3328 886 3410 quod
922 3349 961 3395 ex
988 3336 1090 3414 χρέεα
1119 3335 1222 3395 ortum
1252 3329 1358 3411 essej

292 3433 418 3493 veteres
440 3425 639 3508 grammatici
665 3430 751 3491 reete
774 3427 975 3509 explioarunt
1001 3424 1054 3511 (oi.
1077 3427 1152 3493 Her.
1176 3427 1227 3493 ed.
1250 3421 1401 3500 Lentuli,

293 3527 366 3606 245,
392 3522 456 3608 11).
507 3523 621 3605 Neque
643 3523 728 3587 enim
748 3525 832 3607 χρέᾶ
854 3543 894 3590 ex
914 3548 1002 3610 χρηα
1024 3525 1273 3608 transpositione
1294 3519 1402 3606 quanti-

202 3621 204 3626 ’
292 3621 369 3687 tatis
390 3619 476 3684 faeta
498 3627 529 3685 et
551 3644 572 3682 α
594 3620 700 3686 vooali
721 3628 868 3704 correpta
889 3621 1004 3687 deduoi
1026 3627 1147 3705 potest,
1171 3641 1243 3688 eum
1264 3623 1356 3689 etiam
1375 3617 1400 3680 i11

293 3716 432 3782 dialeeto
455 3717 654 3799 ε11ἰσοχρέῖι
675 3716 787 3801 (Arist.
802 3719 886 3784 Nub.
904 3723 954 3801 39,
971 3718 1048 3804 443)
1072 3739 1143 3784 eum
1159 3743 1180 3783 α
1197 3721 1294 3802 longa
1308 3731 1399 3783 servo-

219 3883 227 3892 ,
293 3819 361 3879 tum
383 3813 440 3890 sit;
463 3821 528 3888 tum
550 3821 672 3900 χρειῶν
695 3813 785 3900 (Hes.
808 3836 882 3900 opp.
902 3815 989 3900 464),
1013 3816 1098 3899 quod
1119 3817 1153 3881 in
1173 3821 1294 3901 χρείων
1314 3818 1398 3878 mute·

293 3917 345 3976 tur
367 3930 499 3977 neeesse
521 3918 569 3976 est
576 3959 585 3993 ,
613 3931 655 3977 ex
674 3919 800 3997 χρεέοιν
822 3932 895 3979 esse
923 3920 1118 3980 eontraetum
1141 3914 1278 3994 videtur,
1305 3926 1397 3994 quam·

295 4027 390 4092 quam
412 4007 575 4092 Brugman
595 4017 708 4096 χρηιῦκ
731 4011 825 4078 soribi
848 4012 926 4076 vult.
