2958 4868
350 457 392 514 De
410 459 542 514 vocalium
558 419 716 528 brumarum
733 457 902 529 hyphaeresi.
1147 453 1189 514 95

75 627 268 714 Πάτροκλος
296 639 328 697 et
355 632 572 716 Πατροκλῆς,
609 637 676 696 tum
704 631 792 715 apud
820 632 1004 715 scriptores,
1034 631 1089 713 qui
1117 636 1191 714 post
1278 690 1281 698 .

74 727 242 793 Homerum
278 737 384 813 erunt,
423 749 450 796 e.
480 749 510 813 g.
539 750 590 814 ap.
624 728 723 813 Sopb.
760 728 806 812 0.Ι
826 729 860 796 O.
893 731 974 793 1295
1006 724 1189 814 Ἐτεοκλῆς,

78 829 152 890 1316
186 821 366 905 Ἐτέοκλος.
424 827 595 908 Quaeritur
629 828 741 910 igitur,
779 847 918 910 quanam
950 825 1075 891 ratione
1110 825 1191 891 baec

74 923 200 989 nomina
226 924 261 988 in
287 926 385 1002 -κλος
414 945 455 992 ex
477 925 590 992 eadem
613 927 712 1009 stirpe
742 925 887 992 derivata
914 925 979 990 sint
999 943 1039 988 ao
1060 924 1191 989 nomina

74 1021 103 1084 in
122 1022 230 1109 -κλῆς,

153 1119 191 1184 Gr.
215 1119 327 1204 Meyer
355 1117 459 1204 (stud.
482 1121 520 1200 V,
544 1120 599 1209 67)
628 1122 716 1188 baud
743 1141 878 1205 parvum
903 1139 1069 1187 numerum
1091 1119 1192 1185 nomi·

75 1235 143 1280 num
165 1217 270 1300 affert,
293 1237 425 1300 quorum
448 1220 564 1304 stirpes
587 1225 619 1286 et
640 1220 673 1284 in
693 1226 778 1285 -oet
799 1219 833 1282 in
849 1241 903 1296 -ες
919 1225 1051 1302 exeunt3
1075 1224 1191 1284 suntne

76 1313 116 1378 eis
150 1315 249 1382 etiam
285 1317 419 1394 ales-sc
447 1324 480 1383 ot
513 1318 629 1383 ulos-0
666 1316 842 1383 addenda?
885 1317 1016 1383 Minime
1051 1315 1191 1399 quidem.

76 1411 153 1476 Nam
174 1432 216 1478 ex
239 1412 350 1480 radice
372 1414 441 1496 κλο,
463 1422 499 1480 nt
520 1415 559 1481 G.
583 1414 719 1495 Curtius,
742 1420 933 1498 praeceptor
954 1414 1190 1496 dilectissimus,

75 1529 120 1576 me
134 1511 251 1593 docuit,
264 1510 331 1577 fieri
346 1512 486 1580 debebat
501 1513 648 1595 orioro-9,
664 1532 729 1578 non
745 1513 892 1594 utero-9,
908 1519 995 1578 ulex
1008 1512 1046 1600 ῥυ
1062 1511 1191 1598 doro-9,

77 1626 112 1672 ex
125 1608 189 1673 ολο
206 1609 363 1686 ruituro-3.
402 1612 514 1693 Itaque
537 1609 732 1677 censendum
755 1617 805 1677 est
825 1610 957 1676 nomina
971 1611 1005 1675 in
1020 1610 1134 1686 -κλο-ς
1150 1627 1192 1675 ex

76 1706 252 1773 nominibus
268 1708 301 1771 iu
317 1707 415 1794 -κλης
429 1715 577 1792 correpto
591 1727 672 1788 esse,
694 1715 729 1772 ut
743 1708 932 1792 saepissime
946 1707 989 1784 fit,
1011 1714 1046 1772 ut
1060 1708 1193 1772 nomina

77 1805 197 1887 propria
219 1805 374 1888 majorem
397 1807 630 1889 correptionem
652 1805 816 1890 patiantur
837 1825 932 1888 quam
955 1806 1021 1871 alia
1048 1807 1190 1871 nomina.

77 1899 123 1966 Sic
144 1902 241 1968 etiam
264 1903 298 1968 in
320 1903 505 1987 compositis
527 1901 749 1986 Κλεόβουλος,
772 1895 974 1989 Κλεοκάτρη
998 1909 1058 1968 ost.
1080 1903 1192 1979 κλε-ες

78 2001 164 2084 stirps
184 2001 218 2065 iu
241 1999 489 2066 declinationem
511 1999 546 2065 in
569 2022 586 2064 ο
608 1999 736 2066 videtur
755 2001 931 2066 transiisse.

153 2098 191 2162 In
208 2097 347 2164 dialecto
368 2100 541 2162 neo-ionica
563 2097 696 2164 nominc
716 2098 847 2182 propria
861 2098 895 2162 in
917 2097 1045 2174 -κλε-ες
1067 2117 1194 2181 semper

78 2193 117 2257 sic
135 2193 320 2260 fleetuntur:
358 2197 451 2262 Nom.
474 2196 574 2283 κλεης
596 2195 650 2262 vel
672 2195 764 2282 κλῆς,
787 2195 869 2261 Gen.
892 2195 988 2270 κλέος
1010 2196 1061 2261 vel
1084 2195 1192 2274 κλεῦς,

78 2289 247 2372 Detulit,
274 2293 349 2358 Aoo.
372 2294 462 2374 κλέα,
493 2294 532 2358 N.
556 2293 602 2359 Pl.
626 2294 722 2370 κλέος
751 2289 804 2376 (ol.
828 2292 925 2358 Bred.
948 2293 988 2358 D.
1011 2293 1051 2358 D.
1075 2292 1193 2358 Herod.

51 2390 146 2469 ·258,
183 2391 324 2456 Renner.
355 2391 446 2457 Stud.
469 2392 501 2470 I,
528 2399 554 2456 1.
578 2393 657 2473 229,
696 2392 826 2455 Erman.
850 2389 939 2455 stud
967 2389 1004 2472 V,
1028 2388 1122 2474 306);
1158 2391 1193 2456 in

79 2486 196 2553 casibus
218 2488 358 2570 obliquis
379 2489 475 2572 igitur
496 2490 601 2556 altera
619 2513 634 2554 ε
658 2489 739 2555 elisa
761 2507 832 2555 esse
853 2487 990 2554 videtur.
1033 2487 1098 2553 Sed
1121 2507 1194 2553 con·

79 2579 285 2674 siderantibu's
306 2587 340 2650 in
362 2587 545 2652 nominibus
566 2586 704 2670 propriis
725 2587 759 2650 in
781 2586 911 2662 -κλε-ες
930 2592 963 2650 et
977 2584 1064 2668 opud
1079 2585 1195 2651 Home

80 2697 140 2745 rum
161 2689 193 2748 et
219 2683 309 2767 apud
330 2683 506 2750 Hesiodum
537 2681 590 2768 (cl.
613 2685 834 2750 Forstsmann.
858 2684 897 2747 D.
921 2684 960 2747 D.
983 2681 1114 2748 Hesiod.
1140 2679 1193 2767 17)

80 2797 242 2863 rsemper
269 2769 511 2865 productionem
542 2781 772 2866 suppletorium
800 2779 925 2860 efficere
954 2779 1194 2846 concedendum

81 2880 130 2956 est,
150 2878 275 2961 -κλεος,
292 2880 391 2957 -κλεῑ,
407 2878 505 2946 -κλεα
519 2879 763 2946 terminationes
779 2884 943 2962 correptas
957 2895 1029 2944 esse
1044 2897 1139 2960 posse
1154 2897 1195 2944 ex

82 2973 199 3060 -κληος,
222 2975 326 3063 -κληι,
349 2977 461 3063 -κληα,
476 3013 518 3024 -
533 2977 774 3060 Adjeotivorum
789 2977 824 3041 in
839 2977 953 3053 -κλεες
968 2975 1106 3041 Bredew
1121 2972 1156 3058 (l.
1173 2975 1194 3040 l.

82 3068 149 3154 157)
171 3075 295 3139 nullam
317 3075 451 3140 formam
473 3075 536 3140 nisi
558 3070 660 3140 ἀκλεᾶ
682 3093 723 3140 ex
744 3073 862 3140 Herod.
886 3074 912 3156 I,
934 3079 943 3138 1
972 3073 1075 3150 affert,
1098 3093 1195 3155 quarn

83 3162 161 3232 Stein
182 3170 216 3235 in
238 3171 289 3238 ed.
312 3173 380 3237 crit.
402 3173 533 3248 retinet,
564 3172 701 3238 Bredow
728 3178 835 3238 autem
863 3171 898 3236 in
925 3168 1047 3237 ἀκλοέο
1078 3173 1196 3238 mutari

83 3265 152 3329 ult.
194 3267 260 3336 Sed
282 3289 387 3353 neque
409 3267 513 3336 ἀκλεᾶ
535 3289 640 3353 neque
662 3264 784 3335 ἀκλεέα
806 3269 881 3336 ferri
902 3275 1022 3352 potest,
1046 3289 1121 3334 narn
1144 3289 1193 3352 eo,

84 3361 158 3439 quod
184 3364 218 3430 in
248 3365 388 3433 dialecto
416 3367 524 3454 epioe,
561 3367 689 3450 inqua
717 3387 788 3432 oum
815 3368 968 3450 antiquae
1002 3385 1073 3431 curn
1101 3369 1195 3436 novis

85 3454 181 3527 formis
202 3469 270 3550 tum
291 3465 401 3531 variae
423 3465 553 3531 dialecti
575 3465 701 3531 ionicae
726 3472 759 3530 et
787 3466 871 3532 inter
899 3483 936 3530 se
953 3469 996 3529 ‘et
1022 3483 1093 3528 oum
1122 3484 1196 3532 aso

84 3552 139 3622 lios
158 3561 277 3628 mixtae
298 3569 387 3642 sunt,
416 3562 503 3628 unde
524 3561 576 3644 fit,
605 3568 641 3627 ut
661 3561 792 3629 nomina
815 3562 849 3626 in
878 3561 991 3637 -κλεες
1012 3561 1046 3626 in
1068 3563 1196 3630 casibus

86 3651 211 3738 obliquis
231 3659 266 3724 in
288 3659 408 3746 -κληος
429 3661 483 3726 vel
510 3657 644 3736 -κλεεος
669 3665 727 3726 oet.
751 3665 884 3740 exeant,
913 3657 1044 3725 minime
1067 3658 1197 3726 demon·

87 3753 201 3832 stratur,
230 3755 368 3823 eandem
396 3757 584 3834 vanemtem
611 3757 784 3822 formarum
813 3756 910 3822 etiam
937 3755 972 3820 in
993 3757 1108 3823 ceteris
1130 3757 1198 3824 dia·
1271 3771 1277 3781 ·

87 3841 168 3914 lectis
188 3854 358 3921 exstitisse.
402 3854 481 3921 Oum
503 3860 610 3954 autern
637 3853 892 3920 intellexerimus
913 3853 1045 3918 nomina
1067 3856 1198 3939 propria

88 3938 259 4018 indialecto
281 3950 462 4018 neo-ionica
477 3971 604 4036 semper
625 3951 744 4018 formas
766 3959 929 4036 correptas
951 3951 1086 4032 habere,
1110 3952 1197 4018 idem

89 4047 269 4114 censendum
292 4056 342 4116 est
364 4049 404 4116 do
425 4047 604 4132 adjectivis.
650 4051 762 4134 ltaque
791 4055 860 4114 utut
882 4049 924 4116 de
951 4049 1075 4144 origine
1102 4049 1198 4132 hujus
