3020 4866
277 426 315 490 12
758 431 924 488 Foreamann
1018 459 1021 468 ,

274 603 500 689 Thucydidem
522 603 547 684 I,
574 607 645 683 127,
668 609 688 668 4
710 609 840 670 παθεῖν
863 599 903 670 ἂν
926 639 967 652 -
989 604 1107 687 οἴσειν,
1130 606 1174 686 ΙΙ,
1198 611 1250 690 64,
1273 612 1293 674 e
1315 613 1393 690 μέμ-

274 699 376 786 ψαιτ)
401 696 441 766 ἂν
457 737 498 748 -
515 698 714 788 ζηλώσει-
729 700 913 788 φθονήσει,
937 703 974 782 V,
995 706 1053 770 108
1076 698 1115 770 ἂν
1139 703 1391 788 ἐγχειρίσασθαι

193 801 197 808 ’
273 833 316 848 ··-
331 810 470 881 νομιεῑν,
494 800 548 882 VI,
572 805 657 881 tut
683 794 723 864 ἂν
746 795 785 865 οὗ
809 799 1035 880 δέξασθαι-
1049 804 1229 885 naccum,-
1249 810 1317 870 tum
1339 823 1391 870 ex·

274 899 374 981 ponit,
390 898 467 982 quid
481 898 607 966 intersit
620 898 705 964 inter
719 898 877 964 actionem
892 907 1150 967 momentaneam
1166 899 1388 986 etdurantem3

274 994 422 1079 denique,
445 997 530 1080 quod
551 996 684 1062 maximi
706 1003 755 1062 est
776 997 945 1078 momenti,
968 1017 1009 1064 ex
1030 998 1071 1064 iis
1091 1018 1175 1080 qnae
1196 1000 1304 1064 attulit
1324 1019 1392 1084 pro·

274 1095 386 1180 positis
401 1094 486 1162 hanc
500 1095 738 1160 conclusionem
749 1095 886 1162 confecit
901 1100 987 1178 (pag.
998 1093 1068 1179 lul:
1084 1096 1150 1177 „us
1164 1097 1206 1162 iet
1220 1097 1303 1178 klar,
1318 1096 1392 1162 daea

273 1212 369 1258 wenn
391 1199 484 1260 unter
507 1191 563 1258 der
585 1193 679 1258 einen
701 1192 780 1258 oder
794 1191 853 1258 der
866 1191 1098 1276 andemJener
1112 1193 1393 1277 Vernulassnngen

273 1289 326 1358 die
346 1289 437 1356 Reda
458 1289 670 1372 nothwendig
692 1291 788 1356 einen
802 1290 909 1358 Aoriet
930 1291 989 1356 mit
1010 1285 1050 1356 ἄν
1073 1291 1257 1374 attondente,
1280 1291 1341 1360 dae
1356 1287 1393 1358 ἄν

272 1389 306 1456 in
330 1388 441 1456 diesen
456 1387 573 1453 Fa'llen
594 1387 644 1452 lllr
665 1386 729 1454 den
745 1386 927 1454 Gedauken
949 1389 1038 1454 nicht
1058 1389 1203 1472 zugleieh
1225 1390 1309 1456 noch
1324 1389 1395 1456 eine

272 1485 396 1554 andere
417 1485 576 1566 Wirkung
604 1485 711 1552 haben
733 1487 824 1552 kann
846 1488 896 1552 als
918 1487 1023 1569 einzig
1045 1487 1114 1569 die,
1144 1487 1197 1552 die
1218 1486 1394 1569 Handlung

214 1605 220 1620 ·
274 1583 331 1650 der
352 1583 496 1650 Zukunlt
523 1583 731 1648 zuzuweieen.
775 1585 819 1651 Ee
847 1585 937 1650 kann
966 1585 1035 1650 aleo
1062 1586 1095 1650 in
1124 1585 1266 1650 solohem
1287 1585 1395 1652 Aoriet

272 1683 331 1748 mit
353 1677 393 1746 ἄν
421 1681 521 1746 echon
544 1679 679 1746 deshalb
701 1681 790 1746 nicht
811 1681 973 1764 augleioh,
1002 1681 1063 1747 wie
1085 1703 1161 1748 man
1182 1681 1322 1748 vieliach
1343 1701 1395 1766 ge·

272 1779 365 1844 wollt
386 1779 452 1859 hat,
475 1777 547 1846 eine
568 1798 612 1842 an
634 1778 706 1844 eine
728 1777 988 1861 verschwiegene
1002 1779 1196 1862 Bedingung
1212 1779 1395 1864 geknflpite

272 1875 484 1960 Moglichkeit
521 1874 599 1940 oder
631 1875 682 1941 ein
716 1876 922 1942 zweilelndes
956 1876 1081 1943 Urtheil
1114 1877 1282 1944 euthalten
1314 1880 1394 1945 sein.

271 1975 367 2056 Auclu
386 1975 504 2053 lassen,
527 1972 652 2039 scheint
666 1973 735 2054 mir,
759 1973 920 2040 deutliche
934 1973 1059 2040 Stellen
1075 1974 1186 2040 eolche
1199 1975 1394 2059 Auffaseung

273 2071 330 2138 der
361 2070 538 2153 fraglichen
571 2069 761 2136 Redeweiee
793 2071 882 2136 nicht
911 2091 960 2136 nu.
1010 2072 1048 2138 In
1081 2071 1154 2137 dem
1185 2071 1306 2138 Munde
1336 2073 1394 2139 der

271 2169 447 2236 Messeniae
470 2166 488 2246 ζ
510 2171 560 2248 50,
578 2171 614 2232 2:
638 2162 863 2250 ἀπεκρίναντο
886 2166 987 2234 πόλει
1009 2169 1070 2249 μὲν
1094 2163 1134 2234 ἂν
1157 2165 1196 2234 οὐ
1214 2168 1390 2251 δέξασθαι,

235 2311 238 2320 -
271 2269 363 2333 kann
385 2287 448 2330 nun
467 2265 540 2330 eine
555 2264 737 2331 bestimmte
751 2267 898 2332 Antwort
912 2286 1041 2350 paseen,
1063 2265 1130 2332 und
1143 2267 1194 2332 λιι
1209 2265 1272 2334 den
1287 2268 1392 2334 Kleon
1503 2284 1504 2317 ι

272 2364 353 2431 wind
375 2381 450 2428 man
473 2362 556 2440 auch,
578 2363 612 2427 in
634 2383 653 2446 γ
676 2364 727 2438 38,
750 2366 768 2428 3
791 2363 881 2430 nicht
901 2364 1021 2447 genade
1044 2363 1224 2430 milderudc
1246 2365 1391 2433 Beaohei·

263 2461 403 2529 ·denheit
417 2460 537 2528 nucheu
552 2460 680 2526 wollen.
716 2459 855 2541 Ebcnsu
879 2461 973 2528 sollte
987 2482 1063 2528 mun
1076 2463 1228 2545 glauben,
1251 2470 1392 2530 moseten

271 2585 293 2625 α
311 2564 381 2641 127,
404 2563 486 2624 2-4
510 2557 563 2624 die
579 2556 775 2624 Conelative
789 2565 952 2624 τοσοῦτον
964 2595 1005 2606 -
1017 2555 1107 2640 ὅσοι,
1124 2579 1219 2626 wenn
1235 2558 1295 2626 dae
1310 2555 1390 2642 eine,

270 2657 351 2724 auch
386 2655 445 2722 dae
475 2654 596 2722 andere
632 2655 808 2722 denselben
840 2656 984 2739 genaden
1012 2649 1184 2722 Ausdnuck
1214 2659 1298 2724 nach
1325 2658 1390 2725 oieb

270 2753 415 2821 nicheu.“
465 2752 530 2818 Sed
559 2773 687 2833 vereor,
716 2774 758 2818 ne
786 2753 957 2822 infirmiore
986 2753 1195 2820 fundamento
1223 2756 1390 2824 Herbstiue

270 2854 400 2918 nitatur.
436 2852 484 2916 Ac
505 2850 641 2932 primum
665 2849 794 2931 quidem
816 2871 868 2918 res
890 2852 993 2918 estin
1014 2853 1136 2918 nullam
1160 2851 1390 2922 dubitationem

269 2956 401 3028 vocata,
431 2947 551 3012 nudum
581 2967 706 3029 quoque
734 2949 887 3014 acriatum
915 2969 1011 3032 posse
1039 2950 1148 3016 reterri
1168 2949 1213 3016 ad
1233 2951 1390 3018 actionem

186 3063 188 3068 ·
269 3046 408 3112 futuram
440 3047 738 3120 momentaneam.⁴l
783 3045 868 3124 Quid
901 3055 950 3113 eet
976 3047 1072 3129 igitur
1099 3068 1232 3128 caueae,
1266 3069 1321 3116 eur
1351 3046 1389 3114 ἄν

269 3143 426 3210 infinitivo
458 3140 620 3208 addatur?
662 3143 778 3209 Nonne
810 3143 1001 3226 superfluum
1036 3145 1108 3211 est?
1150 3148 1193 3210 At
1224 3146 1390 3214 Herbstiue

270 3247 356 3326 (pag.
382 3245 433 3317 17>
456 3238 630 3320 contendit,
652 3239 772 3305 nudum
795 3241 948 3306 aoristum
963 3262 1021 3325 pro
1037 3242 1141 3308 futuro
1157 3245 1313 3328 uiui-pari,
1336 3245 1389 3310 ubi

269 3339 357 3406 notio
379 3337 475 3402 futuri
492 3336 562 3420 jam
584 3337 663 3403 eatis
685 3337 826 3404 indicata
847 3345 904 3422 eet,
928 3346 963 3404 ut
983 3338 1159 3406 infinitivus
1179 3362 1332 3424 perverse
1345 3344 1390 3407 in·

270 3437 381 3518 tellegi
403 3441 552 3517 nequeat,
576 3435 910 3520 scilicetpostve1·ba
932 3441 964 3502 et
986 3437 1148 3519 formulas,
1171 3458 1253 3520 quae
1275 3445 1388 3524 suapte

269 3540 385 3599 natura
405 3531 449 3597 ad
470 3551 537 3598 rem
552 3532 689 3598 futuram
705 3539 850 3617 spectent
873 3539 919 3611 (ut
934 3530 1110 3611 εὐέλπιδες
1126 3530 1231 3618 ὄντες,
1255 3535 1389 3603 διάνοια
1503 3623 1504 3628 ¹

269 3619 320 3718 ἦν,
348 3629 569 3713 λογίζεσθαι),
593 3637 649 3696 aut
669 3630 723 3696 ubi
746 3631 898 3697 aurietum
916 3631 986 3715 jam
1009 3633 1219 3715 praecesserit
1241 3633 1388 3701 futurum.
1434 3683 1437 3694 .

268 3727 335 3795 Sed
356 3725 504 3806 ἐλπίζειν
527 3727 615 3794 haud
635 3728 741 3794 minue
756 3748 851 3812 quam
867 3728 949 3794 illud
963 3725 1140 3806 εὐέλπιδες
1155 3725 1251 3808 ὄντες
1264 3732 1309 3797 ad
1323 3751 1389 3800 rem

236 3899 238 3906 ,
267 3827 405 3894 futurum
427 3831 560 3908 spectat,
583 3825 684 3890 nihilo
706 3831 814 3892 autem
835 3825 940 3891 minus
962 3826 1038 3892 licet
1057 3829 1211 3894 aurietum
1233 3823 1388 3896 unacum

271 3987 275 3996 ἱ
336 4036 357 4101 ⁴)
377 4033 411 4088 ef.
429 4032 543 4088 Herbat:
562 4031 651 4087 Uebcr
671 4033 778 4088 Cobet'e
793 4031 1007 4090 Emendationen
1024 4034 1061 4090 im
1079 4037 1249 4107 Thucydides
1266 4053 1328 4107 pag.
1347 4041 1386 4092 te.
