3020 4866
355 437 398 494 Dc
415 437 540 496 infinitivi
557 444 709 511 temporum
727 456 779 497 usu
798 441 981 513 Thucydideo.
1150 517 1153 524 .
1194 439 1234 502 69

105 627 169 694 que
190 609 368 678 infinitivus
389 609 433 676 ad
449 629 516 676 rom
538 611 676 680 futuram
693 569 836 696 spectat,
857 613 996 680 aoristus
1017 613 1092 680 terri
1113 613 1235 698 nequit,

105 707 166 774 sed
180 713 238 774 aut
251 708 391 774 futurum
407 714 456 776 est
471 709 710 776 rescribendum
724 717 781 778 aut
795 705 836 775 ἄν
851 711 1011 795 particula
1024 711 1235 778 restituenda.

104 806 160 888 IV,
181 809 288 882 120‚2
310 808 364 873 vel
386 806 559 872 Floeckius
583 805 671 892 (pag.
688 808 754 895 28),
778 809 831 892 qui
853 807 972 891 ubique
993 807 1061 876 fere
1082 808 1236 876 aoristum

105 903 229 970 licitum
251 909 344 986 putat
366 923 453 984 esse,
483 905 676 972 necessitate
698 905 822 989 cogitur
843 903 1007 988 Madvigic
1028 906 1181 973 assentiri
1202 906 1236 976 in
1298 897 1309 910 ’

105 1000 330 1068 substituendo
358 1005 556 1085 τρέψεσθαι
577 1022 634 1086 pro
655 1003 766 1088 inepto
792 1003 848 1070 illo
874 1007 1094 1088 τρέψασθαι,
1128 1023 1237 1087 qnam·

106 1117 204 1181 quam
232 1097 318 1164 idem
347 1099 410 1166 sibi
437 1105 619 1184 temperare
646 1122 712 1168 non
744 1105 867 1185 potest,
900 1100 977 1183 quin
1005 1107 1118 1168 contra
1145 1101 1236 1168 Mad·

104 1195 228 1280 vigiam
251 1195 352 1261 dicat:
375 1196 528 1278 „Minime
550 1217 638 1281 vero,
660 1199 773 1282 inquit,
796 1199 857 1264 hoc
872 1217 936 1262 uno
958 1197 1039 1280 loeo,
1062 1197 1118 1264 ubi
1139 1199 1236 1266 lectio

105 1313 172 1360 non
195 1299 244 1360 est
265 1299 427 1375 constans,
451 1293 616 1378 evincitur,
639 1296 714 1362 aliis
730 1297 826 1363 etiam
841 1294 921 1362 locis
936 1295 1047 1362 aoristi
1060 1293 1236 1364 infinitivos

105 1409 178 1458 esse
206 1390 337 1458 falsos.“
387 1391 431 1458 At
458 1391 537 1457 mihi
565 1392 694 1476 quidem
721 1392 825 1458 falsae
852 1391 1038 1475 hujusmodi
1059 1392 1236 1477 scripturae

105 1488 297 1581 gravissimo
328 1495 403 1554 sunt
435 1490 640 1574 testimonio,
683 1489 831 1556 librarios
863 1489 962 1574 plane
998 1489 1109 1574 inepte
1145 1514 1167 1554 α
1203 1498 1236 1558 et

105 1611 121 1652 ε
159 1585 194 1650 in
229 1584 340 1654 formis
376 1585 605 1654 infinitivorum
641 1586 821 1670 miscuisse,
860 1607 935 1670 ergo
969 1587 1166 1670 Madvigium
1204 1595 1236 1654 et

105 1681 261 1750 Gabatum
283 1683 404 1767 optimo
422 1683 497 1767 jure
517 1684 653 1752 rationis
674 1684 855 1751 auctoritati
879 1685 953 1768 plus
975 1685 1115 1752 tribuere
1137 1706 1234 1770 quam

103 1781 281 1849 scribarum
312 1782 548 1865 neglegentiae.
592 1781 662 1847 Hoc
695 1803 758 1848 uno
791 1783 862 1849 loeo
894 1783 976 1848 nibil
1010 1789 1121 1848 contra
1152 1783 1235 1850 alios

102 1878 240 1944 aoristos
270 1878 374 1944 evinci
396 1880 569 1946 Floeckius
597 1880 658 1963 ait;
692 1879 750 1946 sed
778 1878 856 1962 quid
884 1880 971 1963 quod
995 1878 1084 1964 apud
1105 1879 1235 1966 Thucy-

103 1975 215 2042 didem
236 1976 261 2058 I,
289 1981 336 2057 10,
361 1979 380 2040 2
403 1975 687 2063 ττεραιώσασθαι,
717 1977 752 2044 in
772 1977 909 2043 aliorum
932 1977 1121 2060 scriptorum
1143 1977 1235 2044 libris

102 2093 202 2138 manu
229 2072 357 2157 scriptis
386 2071 752 2158 συγκαταβιώσασθαι,
790 2072 1050 2160 προςάξασθαι,
1084 2065 1235 2140 ὑπακού-

103 2175 254 2253 σασθαι,
288 2170 345 2238 alii
368 2171 559 2239 barbarismi
580 2171 811 2239 inveniuntur?
857 2170 923 2237 Sed
952 2171 1031 2238 satis
1053 2171 1095 2238 de
1116 2172 1234 2240 haere

96 2269 172 2354 jam
193 2287 292 2352 supra
314 2267 514 2352 disputatum
537 2275 603 2354 est;
625 2289 797 2354 pergamus
812 2267 856 2336 ad
877 2268 977 2335 alium
999 2269 1115 2352 locum,
1139 2289 1234 2352 quem

100 2365 285 2448 Madvigius
313 2366 465 2450 correxit,
495 2365 668 2434 Floeckius
695 2374 730 2432 ut
757 2366 933 2450 genuinum
957 2363 1112 2433 defendit.

188 2463 269 2530 Diec
290 2463 345 2544 IV,
369 2467 420 2546 28,
443 2468 463 2529 4
492 2463 708 2550 λογιζόμενος
738 2463 832 2530 δυοῖν
861 2459 1011 2546 ἀγαθοῖν
1032 2469 1092 2530 τοῦ
1115 2463 1232 2549 ἑτέρον

99 2559 298 2642 τεύξεσθαι,
321 2555 343 2647 ἢ
366 2562 523 2639 Κλέωνος
546 2558 863 2647 ἀπαλλαγήσεσθαι,
888 2555 906 2624 ὃ
928 2558 1055 2642 μᾶλλον
1078 2557 1231 2649 ἤλπιζον,

98 2653 121 2744 ἢ
157 2657 320 2744 σφαλεῖσι
354 2656 489 2745 γνώμης
518 2659 818 2741 Λακεδαιμονίους
852 2665 952 2747 σφίσι
982 2657 1232 2743 χειρώσασθαι.

98 2756 276 2824 Ficeekius
298 2755 427 2837 quidem
449 2762 535 2840 (pag.
559 2759 630 2836 ab:
668 2757 782 2840 „Quae
803 2777 896 2841 vero,
928 2757 1048 2842 inquit,
1064 2769 1067 2777 '
1081 2757 1125 2822 ad
1146 2757 1233 2823 bunc

97 2855 207 2920 locum
228 2852 411 2936 Madvigius
433 2855 557 2919 monuit
579 2851 615 2939 (l.
639 2855 661 2920 l.
684 2875 757 2939 pag.
781 2860 920 2922 somn.
944 2854 999 2940 30)
1029 2859 1154 2920 tantum
1176 2853 1233 2920 ab·

99 2957 191 3034 suut,
224 2959 260 3016 ut
289 2950 370 3016 mibi
402 2969 532 3035 prorsus
564 2952 781 3036 persuadeant
812 2953 866 3019 hic
895 2950 1131 3037 χειρώσεσθαι
1160 2969 1232 3018 esse

99 3048 317 3130 scribendum,
340 3053 374 3114 ut
394 3069 592 3134 magnopere
606 3049 746 3116 admirer
760 3051 844 3116 hane
858 3051 1070 3116 variationem
1084 3048 1232 3133 scriptori

99 3153 211 3214 nostro
232 3146 435 3231 propriam;“
458 3147 518 3215 sed
540 3145 659 3214 oblitus
681 3153 739 3229 est,
763 3148 848 3213 banc
869 3146 1117 3213 admirationem
1138 3165 1231 3229 argu-

98 3244 220 3312 mentis
252 3242 450 3311 confirmare.
503 3244 582 3310 Mihi
619 3243 749 3326 quidem
780 3245 964 3330 Madvigius
996 3263 1127 3328 prorsus
1160 3261 1232 3327 per·

97 3342 219 3420 suasit,
252 3339 391 3406 futurum
417 3340 652 3428 χειρώσεσθαι
679 3341 911 3409 restituendum
939 3360 1025 3423 esse,
1059 3345 1231 3426 propterea

97 3439 186 3524 quod
208 3439 242 3504 in
265 3436 481 3522 λογιζόμενος
502 3437 670 3524 participio
692 3457 782 3504 mera
804 3445 836 3505 et
857 3439 983 3523 integra
1000 3437 1165 3522 cogitandi
1179 3438 1230 3506 vis

97 3539 193 3606 inest.
224 3535 357 3604 Eisdem
371 3535 461 3603 nisus
474 3536 673 3621 argumentis
688 3535 773 3619 V111,
791 3541 820 3620 5,
838 3540 856 3600 5
872 3533 1083 3617 ἀποκτενεῖν,
1105 3535 1131 3618 Ι,
1144 3537 1228 3618 26,3

95 3633 305 3723 χρήσεσθαι,
327 3633 385 3716 III,
402 3637 453 3717 46,
470 3637 489 3698 2
512 3630 848 3719 παρασκευάσεσθαι,
871 3633 926 3710 IV,
942 3637 1026 3715 21‚1
1053 3631 1228 3716 δέξεσθαι,

98 3734 156 3816 ΠΙ,
179 3723 235 3813 36,
259 3737 273 3795 1
297 3728 497 3813 βιάσεσθαι,
525 3731 563 3813 V,
586 3734 637 3814 36,
661 3736 680 3796 2
703 3730 879 3798 secundum
900 3729 1090 3814 Elmslejum
1112 3725 1226 3815 ἥκιστ’

99 3826 149 3914 ἄν,
172 3831 228 3906 VI,
252 3829 304 3907 24,
330 3833 345 3892 1
369 3829 544 3896 secundum
567 3830 763 3910 Bekkerum,
785 3828 993 3913 Madvigium,
1015 3827 1228 3912 Kruegerum,

99 3927 287 4014 Popponem
311 3926 420 4010 (quem
442 3926 522 3994 satis
543 3932 668 3994 constat
690 3947 756 3992 non
771 3945 843 3994 esse
864 3927 965 3993 nimia
983 3927 1018 3992 in
1040 3924 1227 4010 corrigendo

100 4023 251 4112 audacia)
284 4019 422 4107 μάλιστ’
448 4019 488 4089 ἄν
518 4026 668 4094 rescribo.
713 4024 775 4105 Qui
803 4043 879 4091 vcro
907 4022 975 4092 fieri
1002 4024 1159 4108 potuerit,
1193 4027 1229 4088 ut
