2972 4868
289 451 351 512 294
776 456 918 512 Fritzsohe

289 626 384 694 Unde
406 627 528 692 librarii
551 627 628 692 vitio
650 627 770 711 prodiit
789 633 947 714 μερμέρω
964 629 1051 709 flea,
1073 628 1323 712 quod-graeoum
1339 647 1404 694 ossa

288 744 354 790 non
378 732 492 807 potest.

374 826 673 906 μορ-μορ-ίων.
715 857 757 868 -
799 823 899 906 Lapis
933 823 1063 906 quidam
1104 821 1300 905 significatur
1329 842 1405 886 mor·

288 920 441 985 morionis
463 920 593 984 nomino
616 917 744 1002 (Pria),
773 919 859 1001 quod
882 941 999 988 nomon
1021 920 1149 986 videtur
1169 911 1320 1002 graooum
1342 937 1407 984 asso

264 1057 269 1069 ·
290 1018 436 1100 quamvis
457 1037 478 1082 a
499 1017 590 1082 libris
611 1017 737 1099 graecis
760 1015 852 1082 desit.

374 1112 425 1196 μό
433 1132 651 1198 ρ-μορ-ος·
676 1111 786 1200 φόβος
803 1115 877 1180 Hes,
893 1122 925 1182 ot
945 1109 1225 1198 μορ-μορ-ύττειν
1248 1113 1408 1196 μορ-μολ-

288 1209 398 1277 ύντειν
426 1219 546 1277 torroro
573 1211 622 1294 ad,
643 1235 709 1295 μορ
738 1212 878 1277 radicem
912 1211 1063 1292 redeunt,
1095 1209 1186 1292 eujus
1215 1211 1249 1276 in
1282 1210 1408 1292 reliquis

287 1310 407 1392 linguis
435 1310 476 1391 ig.
501 1309 591 1372 nulla
618 1315 697 1374 sunt·
713 1310 865 1392 vestigia3
899 1329 974 1374 nam
998 1307 1082 1390 quod
1112 1307 1203 1372 Boni.
1227 1307 1278 1372 W.
1302 1307 1350 1385 ΙΙ,
1373 1309 1408 1372 39

290 1406 423 1472 eontulit
445 1407 501 1470 lat.
524 1426 722 1467 murmurare
736 1403 926 1490 (οορμύριο)
950 1413 998 1471 est
1017 1405 1168 1470 alionum.
1199 1407 1316 1488 Neque
1330 1406 1409 1470 enim

289 1506 358 1569 ulla
380 1521 462 1586 quaa
484 1504 545 1566 huo
568 1503 707 1586 pertinet
723 1523 785 1568 vox
806 1502 964 1584 significat
986 1503 1180 1568 susurrando
1203 1509 1335 1580 terrore,
1359 1499 1409 1566 sed

289 1601 393 1665 forma
415 1608 447 1666 el
468 1600 590 1683 specio:
616 1600 897 1684 μορ-μολ-οκεῖα·
921 1599 962 1663 τὰ
984 1606 1050 1662 τῶν
1072 1598 1253 1683 τραγῳδῶν
1278 1620 1409 1680 προσιο-

290 1709 383 1762 raaia.
413 1693 635 1780 μορ-μ-όνας·
659 1695 830 1784 πλάνητας
855 1697 1017 1778 δαίμονας
1041 1697 1126 1774 Hes„
1149 1693 1409 1780 μορ-μορ-ωπός

162 1821 166 1828 ·
290 1797 345 1860 Ar.
367 1796 448 1859 Bon.
471 1797 542 1873 925,
566 1813 670 1876 nequo
693 1815 711 1856 ο
734 1795 854 1860 vocalis
875 1796 908 1859 in
930 1803 1064 1876 utraque
1087 1794 1216 1878 syllaba
1243 1802 1410 1875 usurpatae

291 1901 340 1959 est
368 1893 476 1975 rati03-
494 1889 678 1975 μύρ-μ-ος·
712 1889 822 1978 φόβος
851 1889 956 1976 (Hes.)
985 1899 1093 1956 autam
1119 1911 1137 1956 e
1159 1888 1291 1974 μόρμος
1314 1899 1410 1954 ortum

291 1997 340 2054 est
372 1985 561 2072 (μόρ-μ-οι·
595 1987 699 2074 φόβοι
727 1994 818 2054 κενοί
845 1986 914 2072 io).
958 1989 1000 2053 Et
1027 1989 1120 2054 nihili
1149 1995 1199 2052 est
1231 1987 1317 2070 quod
1339 1987 1410 2052 Hes.

228 2151 230 2156 ,
290 2087 518 2168 intorpretatur
551 2085 768 2170 μορ-μύρ-ει·
801 2085 903 2150 ποιὸν
927 2077 1006 2171 ἦχον
1030 2081 1206 2161 ἀποτελεῖ,
1240 2082 1410 2168 ταράσσει,

290 2185 493 2270 πλημμυρεῖ,
511 2182 530 2246 ὁ
538 2207 553 2248 ε
563 2207 730 2248 cronaca
740 2196 767 2264 ῑ,
783 2185 817 2248 in
830 2185 1051 2268 etymologiois
1062 2183 1274 2268 periclitatu83
1287 2207 1410 2269 prorsus

291 2281 376 2346 enim
400 2279 555 2346 refutatur
576 2279 848 2364 μορμολύττομαι
871 2290 903 2347 et
924 2278 1084 2364 μορμύρω
1103 2281 1273 2346 verborum
1289 2303 1359 2348 usu,
1373 2319 1409 2327 -

290 2377 464 2461 μόρμορος
493 2379 550 2442 καὶ
571 2383 763 2464 μορμοροία
786 2378 841 2453 (3)·
880 2376 989 2464 φόβος
1013 2379 1088 2445 Hes.
1122 2406 1166 2434 κ-
1202 2377 1322 2462 μορμιό
1346 2379 1408 2444 rell.

290 2477 317 2558 g.
343 2481 360 2538 5
384 2477 423 2541 A.

376 2569 619 2656 μορ-μύρ-ιο
641 2592 812 2636 murmuro.
837 2609 877 2619 -
906 2571 1038 2638 Praeter
1060 2573 1248 2637 sanseritam
1271 2573 1407 2654 linguam

292 2691 403 2736 omnes
426 2691 444 2732 ο
467 2669 611 2734 vocalem
634 2669 695 2734 hao
716 2670 751 2733 in
774 2689 852 2736 vooe
875 2671 1043 2736 exhibant:
1066 2671 1122 2734 lat.
1141 2690 1306 2740 mur-mar,
1330 2689 1406 2730 mm·-

292 2789 450 2838 mor-ore‚·
477 2767 692 2848 palaeogorm.
715 2773 936 2840 mur-muron,
961 2766 1405 2850 mor-molonimaraoror

291 2868 498 2926 marmor-oo
520 2863 745 2946 mur-melon),
770 2885 828 2930 sor.
845 2883 1035 2927 marmur-a
1057 2865 1141 2946 ignis
1159 2866 1307 2947 oropituo,
1329 2885 1406 2925 mor-

291 2965 397 3024 mur-a
409 2960 548 3024 fluminis
562 2979 694 3043 nomon;
710 2961 756 3024 lit.
769 2961 920 3024 mor-mal
933 2961 1020 3045 dupl.
1036 2963 1186 3044 inlraota3
1203 2981 1243 3027 ox
1258 2961 1406 3026 sarsorita

292 3067 397 3124 autom
420 3059 532 3140 lingua
553 3055 692 3120 accedit:
726 3079 915 3121 marmor-o
943 3081 1092 3124 murmur.
1136 3059 1290 3143 Hosyohii
1311 3081 1407 3140 μορ-

292 3155 457 3238 μύρ-ιον
488 3149 510 3240 ἢ
531 3151 727 3238 μορμύρων·
759 3155 938 3238 ταράσσων
961 3156 1049 3220 haud
1078 3157 1186 3238 magni
1209 3164 1259 3222 est
1280 3173 1349 3219 oum
1372 3153 1405 3217 H.

291 3257 362 3338 ipse
384 3247 541 3338 indiootr'i
563 3253 720 3334 particula
742 3273 776 3318 so
799 3255 840 3319 do
862 3255 960 3337 priori
982 3255 1084 3318 forma
1106 3253 1264 3318 dubitare.

377 3354 652 3436 ΙΙερ-ντέρ-ης
675 3372 705 3415 n.
728 3371 776 3433 pr.
799 3389 841 3397 -
862 3351 1079 3435 Per-per-ao?
1102 3387 1142 3396 -
1171 3343 1403 3434 Περ-περ-ηνή

293 3446 430 3512 Troadis
451 3447 536 3512 urbs.
575 3447 621 3513 cf.
638 3443 771 3532 ’Πάρ-ις
801 3447 836 3530 (i.
860 3469 889 3530 q.
910 3446 1147 3533 Ἀλέξανδρος,
1178 3447 1216 3512 of.
1239 3449 1329 3516 zond.
1346 3467 1403 3532 μον

292 3563 446 3628 pugnare,
469 3564 528 3609 sor.
548 3545 682 3628 par-aja
703 3544 890 3628 mosterol?

285 3701 289 3705 .
379 3646 641 3723 πέρ-περ-ος
671 3661 869 3725 per-poros,
909 3648 1133 3728 μερ-περ-εία
1169 3639 1400 3727 per-por-iluda

294 3736 583 3820 περ-περ-εύομοι
611 3739 726 3820 nugari
754 3739 868 3803 mirum
896 3748 944 3806 ost
973 3741 1058 3822 quod
1080 3740 1167 3824 apud
1195 3739 1321 3804 infimae
1339 3743 1401 3800 tan·

295 3841 361 3898 tum
393 3835 509 3900 aetatis
537 3835 708 3919 soriptoros
735 3837 894 3918 leguntur,
917 3847 1145 3920 quamquamo
1173 3839 1282 3920 lingua
1308 3835 1399 3899 latina

295 3950 360 4090 aoso
397 3929 595 4107 gopffinlpta
632 3934 766 3999 testibus
801 3935 932 4000 vooibuo
968 3935 1121 4002 derivatio
1159 3930 1209 4020 [of.
1245 3928 1399 4018 βαβύρνας

293 4047 326 4092 rn
342 4047 378 4092 ra
420 4073 426 4088 .
518 4079 546 4092 ..
