2972 4868
426 393 432 401 ·
471 367 503 422 de
520 367 734 436 reduplicatione
751 382 857 436 graeca.
1158 364 1220 426 299

91 539 343 624 dissimilatione
372 537 466 604 modo
495 539 594 605 verba
622 539 762 604 lecimus.
808 540 961 606 Radioem
994 546 1102 604 autem
1130 539 1221 604 illam

90 661 179 718 μαρκ
206 634 365 720 (tangere,
388 635 518 720 capere)
541 637 739 721 naccopisse
760 637 946 703 additicium
970 639 1075 702 clucet
1096 637 1222 702 collatis

92 733 157 799 his:
193 753 256 800 scr.
279 754 380 816 mor-p
401 765 441 786 -
464 734 521 800 lat.
544 735 710 796 mul-c-erc
732 735 875 819 toi-murp
897 766 938 784 =
959 737 1128 818 βρακεῑν);
1162 754 1220 799 scr.

90 826 197 892 tuor—li
214 830 357 912 laedere,
380 832 437 896 lat.
455 833 552 908 (intr.)
568 852 753 915 mur-c-crc;
777 851 836 898 scr.
852 828 956 912 tuor-d
971 865 1009 884 -·
1024 827 1220 915 ἅ-μέρ-γ-ω,

91 924 291 1012 ὀ·μέρ-γ-ω,
329 924 596 1014 ὀ-μόρ-γ-νυ-μι;
633 950 692 995 scr.
724 934 832 992 mor-d
863 936 965 994 terere
994 961 1035 980 ==
1064 928 1220 1010 pst-do,

90 1020 339 1106 ἇ-μαλ-ὁ-ύνω.
384 1025 480 1092 Unde
512 1033 647 1111 apparet
674 1027 767 1092 radix
796 1048 865 1090 mur
892 1025 1103 1092 determinata
1131 1025 1222 1108 cujus

90 1121 139 1186 vis
155 1128 206 1188 est
222 1123 387 1188 mulcendi
399 1120 584 1206 (ἀ-μαλ-ός)
603 1131 636 1190 θῖ
650 1123 775 1190 terendi
791 1124 842 1192 tol.
855 1124 1061 1190 vernaculum
1076 1121 1221 1202 moll-cu,

91 1219 282 1300 mul-m-cn),
305 1219 391 1286 undo
412 1221 568 1306 palpandi
583 1229 615 1288 et
629 1223 737 1286 animo
759 1219 1053 1304 comprehendendi
1075 1219 1223 1286 notiones

90 1335 242 1396 crevere,
266 1316 305 1382 ci.
330 1316 612 1404 ὁυσ-βράκ-ανον·
636 1317 805 1402 δυσχερές,
830 1315 1030 1406 δύσληπτον,
1055 1316 1221 1382 δυσκατα-

92 1410 214 1499 νόητον
246 1415 322 1482 Ηθε.
368 1417 408 1480 Εῖ
437 1416 497 1482 hac
526 1435 651 1499 quoque
678 1416 712 1480 in
741 1415 849 1483 radice
871 1414 938 1482 fieri
967 1415 1070 1498 potuit
1091 1421 1126 1479 ut
1148 1434 1221 1480 con-

91 1531 171 1578 sona
210 1511 461 1578 determinativa
498 1512 665 1578 accederet
697 1512 740 1578 ad
773 1513 951 1578 breviorem
984 1512 1118 1577 formam
1151 1532 1221 1574 mur

93 1607 293 1692 duplicatam
317 1609 547 1692 (truamur-lc),
578 1610 663 1676 unde
685 1611 799 1676 melius
821 1609 956 1676 tortasse
976 1608 1219 1692 intelligeretur,

91 1725 145 1770 cur
155 1707 248 1789 prior
261 1707 596 1792 syllabapoonsonam
610 1709 780 1790 praeberet
795 1701 845 1781 (cl.
854 1713 961 1772 autem
975 1706 1059 1789 quod
1075 1706 1220 1790 ejusdem

94 1801 212 1869 radicis
237 1811 287 1870 est
316 1805 529 1888 Mu-mcrc-us,
557 1825 639 1888 quae
662 1825 737 1872 osca
758 1804 856 1870 Marci
879 1803 1017 1870 nominis
1040 1803 1141 1870 forma
1163 1803 1221 1870 tuit
1289 1871 1291 1882 Ι

94 1905 227 1967 auctore
257 1901 353 1968 Festo
382 1923 413 1986 p.
440 1904 555 1976 recor:
593 1902 649 1968 sed
682 1902 809 1968 videtur
845 1901 973 1967 obstare
1008 1901 1093 1984 quod
1126 1901 1221 1984 hujus

15 2059 17 2090 ἕ
95 1996 214 2064 radicis
238 2018 400 2066 consonae
423 2001 695 2066 determinatrices
717 1999 827 2065 variae
849 2006 881 2065 et
899 1997 1042 2064 diversas
1064 1997 1221 2082 significa·

94 2093 195 2160 tiones
235 2094 409 2162 efficientes
442 2097 474 2162 in
509 2097 723 2181 compluribus
759 2095 877 2178 linguis
915 2101 1040 2176 extant,
1079 2095 1221 2180 duplica·

93 2189 188 2258 tionis
226 2188 334 2258 autem
368 2195 577 2277 perantiquae
612 2196 713 2260 solum
744 2193 870 2258 videtur
898 2193 1113 2258 testimonium
1149 2212 1221 2259 esse

16 2365 17 2370 ἵ
97 2291 306 2356 vernaculum
328 2291 504 2372 mul-meu,
541 2291 632 2374 cujus
656 2297 705 2358 ost
727 2291 904 2374 duplicatio
925 2290 1070 2356 infracta.
1114 2288 1221 2368 Quare

16 2445 18 2452 ,
95 2391 127 2448 ut
155 2386 209 2452 hio
239 2387 326 2454 idem
360 2406 546 2454 censeamus
577 2386 661 2470 quod
691 2407 787 2471 supra
820 2387 1020 2468 dubitanter,
1054 2387 1220 2469 complura

15 2481 16 2532 ἶ
97 2479 248 2550 deliciunt
269 2483 396 2549 indicia.
426 2519 468 2530 —
496 2486 636 2552 Nomina
658 2492 764 2550 autem
787 2485 845 2549 illa
867 2484 945 2566 quid
970 2481 1220 2566 significaverint

15 2577 16 2582 ’
95 2599 156 2644 non
180 2581 287 2648 habeo
310 2582 364 2664 qui
385 2583 483 2665 plane
506 2602 630 2648 eruam:
667 2583 802 2648 tortasse
830 2582 916 2646 enim
942 2581 1028 2648 idem
1050 2582 1160 2648 valent
1182 2601 1220 2647 ao

96 2676 242 2762 Νοήμων
282 2675 483 2766 (Ἰθακήσιος
511 2685 541 2744 Β
564 2681 642 2759 386,
676 2676 805 2754 Πύλιος
837 2681 871 2742 Ψ
891 2681 982 2760 612),
1021 2678 1156 2744 sortasse
1185 2677 1220 2744 id

15 2763 17 2844 f
96 2774 179 2852 quod
201 2773 353 2856 μάρπτις
376 2776 427 2849 (cl.
450 2780 622 2860 Μαρψίας
645 2781 677 2840 θῖ
697 2780 720 2858 β
743 2780 780 2838 71
800 2780 891 2858 sqq.).

179 2868 378 2938 ἀλ-αλκ-ε
389 2885 442 2952 zv,
459 2893 525 2938 aor.
546 2873 644 2957 dupl„
660 2874 698 2938 ol.
715 2869 827 2960 ἀλκ-ή,
844 2893 975 2954 uro-erc,
992 2892 1086 2955 quam
1102 2874 1219 2940 radicis

96 2985 152 3031 scr.
168 2991 207 3032 ur
222 2967 453 3055 (dp-up-lorw,
467 2969 539 3035 ved.
552 2970 670 3058 intens
683 2970 820 3048 cluant
836 2969 1102 3036 determinatione
1117 2976 1219 3034 ortam

15 3129 17 3134 ,
97 3080 165 3132 θεεθ
187 3067 325 3134 tortasse
345 3073 431 3132 recte
453 3067 696 3150 suspicatus-est
717 3067 865 3134 Fickius²
886 3088 917 3150 p.
944 3069 1034 3132 1021.
1079 3066 1105 3132 E
1128 3067 1219 3150 cujus

15 3161 16 3166 ’
98 3162 265 3249 participio
294 3183 352 3247 per
379 3160 706 3250 παρασχηματισμόν
740 3164 858 3230 factum
888 3169 936 3229 θεῖ
961 3159 1218 3244 Ἀλαλκομενεύς

99 3250 149 3336 (cl.
169 3255 353 3343 Ἰδομενεύς
376 3259 629 3346 approperata)
653 3261 743 3327 Jovis
765 3262 930 3345 epitheton
953 3258 1005 3343 (Ε.
1028 3258 1103 3344 M.)‚
1127 3261 1217 3344 cujus

15 3415 16 3422 ,
99 3351 249 3422 feminina
284 3357 387 3423 forma
429 3364 477 3424 θεῖ
512 3354 770 3445 Ἀλαλκομενηίς
813 3359 863 3429 (cf.
900 3355 1066 3444 Αἰοληΐδι
1103 3358 1219 3444 μολπᾷ

101 3447 199 3528 Pind.)
223 3453 267 3534 [C.
291 3455 363 3520 Gal
386 3459 468 3533 6241.
