2972 4868
564 415 696 478 ἀνόπαια.
793 499 797 508 .
1135 419 1197 482 351

159 592 193 678 3)
235 591 491 680 Είγιαοίοςίουω
513 613 664 679 magnum
691 599 759 661 111.
786 599 835 662 19.

160 687 310 758 ἀνοπαῖα
331 692 510 760 διέπτατο·
534 691 627 778 παρὰ
648 692 709 780 τὴν
732 691 821 780 ὀπὴν
844 690 967 760 ἀπαία·
989 695 1044 760 καί
1062 690 1098 760 ἐν
1122 716 1201 759 συν-

79 793 174 856 θέσει
189 785 349 855 ἀνοπαῖα.
372 791 429 856 καί
445 787 619 872 ἐκδέχεται
633 789 694 878 τὴν
706 789 921 879 καπνοδόκην
936 785 1039 858 εἶναι·
1064 788 1201 878 Κράτης

80 885 114 954 δέ
141 909 246 974 φησιν
276 883 445 958 ἀνοπαῖαν
473 885 534 976 την
557 893 760 976 τετρημένην
783 887 949 975 κεραμίδα
975 887 1036 975 την
1059 885 1118 956 ὀπί
1140 894 1201 975 τῆς

80 981 215 1071 ὀροφῆς.
251 979 273 1070 ἢ
294 982 480 1051 Πανόπαια
508 983 676 1072 γράφεται
700 987 757 1052 καὶ
778 997 908 1054 νοεῖται
930 979 950 1074 ι)
971 982 1126 1068 χελιδιόν.
1163 983 1200 1052 έν

80 1078 109 1146 δ’
137 1079 267 1148 Αόλίόι
299 1083 371 1162 (lion
399 1083 555 1163 Δαυλίδι)
587 1089 648 1170 τῆς
679 1083 837 1164 Φωκίδος
869 1083 911 1148 τά
944 1084 1026 1169 περ)
1061 1088 1214 1170 Τηρέως·

79 1177 237 1264 λεγόμενα
258 1179 502 1265 μυθολογεῖται
526 1183 583 1247 καί
607 1181 791 1260 Πανοπεδς
815 1179 950 1270 Φωκικὴ
974 1179 1075 1259 πόλις
1097 1179 1200 1248 ἐστίν.

79 1275 256 1356 Μιτόδισς.
291 1273 313 1366 ἢ
342 1275 492 1344 ἀνόπαια
521 1273 614 1358 είδος
643 1278 785 1368 ὀρνιθσς
813 1273 835 1366 ἢ
864 1277 922 1346 διά
949 1285 1010 1366 τῆς
1040 1275 1145 1366 ὀπῆς·
1178 1271 1201 1365 ἢ

78 1371 236 1460 ἀοράτως,
261 1369 306 1460 (ἤ)
329 1371 393 1441 ἀνά
415 1373 494 1453 τούς
517 1365 624 1455 ιόπας.

157 1524 191 1608 4)
215 1522 355 1605 Cramer,
375 1520 520 1610 Ὁμήρου
544 1523 774 1608 ὀπιμερισμοί.
804 1527 855 1606 83,
879 1529 907 1591 8.

157 1619 320 1700 ἀνόπαια,
344 1617 412 1708 ὀπὴ
437 1619 545 1686 ἀπαία
567 1624 625 1688 καί
648 1619 798 1688 ἀνόπαια
821 1617 1070 1709 ἡκατινοδόχη·
1094 1617 1201 1698 οότως

75 1715 332 1806 Ἀριστοφάνης.
366 1717 446 1794 τούς
467 1718 531 1805 γάρ
554 1716 715 1805 ἀρχαίους
744 1721 859 1798 οἲκους
881 1719 917 1786 ἒν
940 1725 982 1806 τῇ
1006 1717 1118 1806 ὀροφῇ
1140 1717 1201 1795 τὰς

78 1815 247 1895 ἀναπνοάς
271 1814 360 1895 ’ἐχειν
383 1809 405 1902 ἢ
428 1809 447 1901 ἡ
471 1825 655 1906 τετρημένη
679 1823 830 1902 κεραμίς.
869 1816 1021 1894 Κάσσιος
1045 1816 1081 1882 δέ
1105 1823 1202 1900 Λογ-

78 1927 181 1998 γῖνσς,
212 1911 306 2000 ὀρνις
335 1911 370 1980 δ’
400 1911 447 1993 ὥς
476 1913 626 1982 ἀνόπαια
656 1915 703 1982 ‘t'v'
727 1905 747 2004 ,ἦ
769 1913 913 1997 χελιδιόν
935 1911 1004 1982 ἀπὸ
1027 1920 1089 2002 τῆς
1112 1909 1201 2000 ὀπῆς

79 2009 173 2098 ἤγουν
203 2010 222 2100 ἦ
254 2012 448 2100 φωνητική·
486 2007 607 2102 ἐπειδὴ
637 2011 673 2080 ἒν
701 2010 832 2080 Αόλίδι
860 2013 930 2091 (lios
952 2011 1109 2088 Δαυλίδι)
1139 2016 1201 2098 τῆς
1321 2003 1331 2016 ’

80 2111 232 2188 Φωκίδος
260 2110 302 2176 τά
332 2109 425 2194 παρὰ
450 2117 588 2197 Τηρέως
616 2109 781 2196 λεγόμενα
808 2110 1068 2196 μυθολογεῖται·
1102 2102 1199 2190 καὶὴ

79 2208 219 2290 Πανόπη
245 2207 283 2274 δὲ
309 2205 446 2294 Φωκικὴ
472 2204 587 2286 πόλις·
621 2205 832 2296 ἢάνόπαια,
862 2201 882 2295 ἡ
907 2203 1070 2290 ἀόρατος·
1105 2201 1201 2270 ἀλλοι

79 2303 112 2372 δὲ
145 2303 357 2388 ὀνοματικῶς
389 2303 582 2386 ἐκδέχονται
616 2301 722 2386 ὀνομα
755 2301 899 2390 ὀρνιθσς
927 2299 948 2390 ἢ
978 2299 1054 2368 οὔτε
1084 2299 1200 2390 φωνὴν

81 2401 144 2484 ἐ’χει
167 2399 245 2469 οότε
269 2401 304 2469 ἐν
327 2397 437 2490 ἡμέρη
459 2407 628 2489 φαίνεται.
671 2403 750 2468 ibid.
774 2405 825 2484 97,
852 2404 890 2466 16
918 2398 957 2464 τό
983 2405 1100 2483 μέντοι
1122 2395 1202 2464 ἀνό-

80 2525 161 2567 παια
183 2499 301 2583 ηόρνις
325 2498 358 2566 δ’
383 2496 430 2578 ὡς
453 2497 624 2566 ἀνόπαια“
647 2497 706 2564 οόκ
729 2499 802 2566 ’ἐστι
824 2497 975 2586 θηλυκόν
1004 2495 1079 2562 ἀλλ’
1104 2494 1202 2563 οόδέ-

78 2621 186 2684 τερον,
235 2595 357 2666 εὐθεῖα
392 2603 461 2662 τῶν
500 2597 756 2684 πληθυντικῶν,
801 2593 1069 2684 έπιρῥηματικὴν
1106 2593 1201 2676 τάξιν

78 2691 206 2776 ἔχουσα.

159 2843 193 2930 5)
216 2844 362 2910 Zonaras
384 2843 447 2909 lex.
471 2863 503 2927 p.
530 2846 587 2910 187
613 2842 662 2909 ed.
686 2844 862 2908 Tittmann.

149 2939 328 3007 Ἀνόπαια.
351 2937 454 3025 ὀρνις.
484 2936 577 3024 ὀρνις
600 2937 633 3006 δ’
658 2935 705 3018 ιός
727 2937 876 3008 ἀνόπαια
899 2975 940 2988 -
962 2938 1057 3024 παρὰ
1079 2937 1118 3004 τό
1141 2937 1202 3025 τὴν

79 3031 174 3126 ὀπὴν,
198 3035 317 3118 ἀπαία,
331 3041 397 3104 καί
420 3036 456 3105 έν
480 3043 642 3106 συνθέσει
665 3034 825 3105 ἀνόπαια.
848 3041 906 3106 καὶ
925 3035 1120 3118 ἐκδέχονται
1142 3035 1203 3124 τὴν

80 3135 302 3224 καπνοδόκην.
337 3134 473 3224 Κράτης
496 3135 534 3204 δέ
557 3158 644 3222 φησι
664 3135 725 3225 τὴν
747 3141 968 3224 τετριμμένην
991 3135 1064 3212 (lies
1085 3157 1203 3221 τετρη-

79 3238 188 3322 μένην)
213 3233 379 3317 κεραμίδα
402 3231 461 3300 έπὶ
483 3239 541 3317 τῆς
567 3226 707 3322 ὀροφῆς.

161 3389 195 3475 6)
223 3391 414 3476 Apollonius
436 3389 589 3474 Sophista
610 3391 674 3456 lex.
698 3394 749 3458 36.
773 3395 823 3464 30.

161 3485 323 3553 ἀνόπαια.
359 3485 443 3554 ἔνιοι
466 3487 528 3569 μέν
558 3483 664 3569 ὀνομα
688 3483 822 3571 ὀρνέου·
858 3487 914 3554 καί
943 3485 1005 3574 γάρ
1030 3485 1065 3554 δν
1088 3483 1203 3564 ἀλλοις

81 3582 189 3672 ..φήνῃ
223 3583 413 3672 είδομένη“,
451 3584 536 3652 ἐ’νιοι
574 3584 610 3652 δὲ
648 3581 823 3664 ἀνοπαίως
862 3581 882 3650 ὀ
915 3583 1007 3652 ἐστιν
1039 3582 1202 3670 ἀοράτως.

82 3683 167 3760 τινὲς
191 3682 228 3748 δὲ
251 3679 316 3748 ἀνά
338 3680 399 3770 τὴν
422 3679 519 3766 ὀπὴν,
542 3679 603 3769 τὴν
625 3681 763 3766 θυρίδα.
787 3679 902 3768 ηόρνις
925 3679 959 3748 δ’
984 3679 1030 3760 ὣς
1053 3677 1203 3748 ἀνόπαια

83 3777 272 3844 διέπτατο“.
1105 3789 1108 3798 ’

165 3909 198 3995 7)
221 3911 411 3996 Hesychius.
434 3907 599 3978 ἀνοπαία·
623 3907 741 3998 ὀρνέου
766 3906 872 3992 ὀνομα
890 3910 947 3978 καί
970 3904 1072 3989 είδος.
1096 3904 1118 3998 ἢ
1140 3906 1204 3976 ἀνά

84 4005 140 4092 τὴν
157 4003 246 4095 ὀπὴν
261 4008 321 4096 την
337 4008 448 4096 θόρας
463 4002 486 4096 ἢ
501 4005 564 4076 ἀνά
579 4007 640 4095 τῂν
655 4005 793 4093 θυρίδα.
812 4001 833 4094 ἢ
849 4003 997 4096 άφωνυς.
1028 4011 1059 4086 8)
1075 4007 1204 4078 Suidas.
