2972 4868
440 429 472 486 de
491 431 557 486 redu
564 431 710 501 plicatione
727 445 834 500 graeca.
1139 431 1199 494 297

71 597 195 689 [ccmo
211 623 230 669 c
244 602 472 688 *δα-ὁραπτω
494 605 665 670 metathesi
687 611 798 670 natum
816 624 887 671 esse
910 611 1035 687 censet;
1060 602 1199 688 coemo

84 707 182 766 autem
210 701 294 768 idem
324 723 395 769 esse
423 703 493 767 vult
520 721 558 767 ac
588 700 719 785 ὁρέπω,
751 701 885 786 ὁρέπτω
923 702 1026 768 vocali
1058 703 1200 784 genuina

84 807 213 864 servata.
242 800 385 879 Quocum
408 800 542 866 fortasse
564 798 703 864 iacerem
723 799 786 866 nisi
808 797 898 864 aliud
921 800 990 883 ejus
1012 799 1200 866 metathesis

83 898 257 980 exemplum
281 897 498 963 desiderarem
521 897 554 960 in
575 895 682 962 verbis
697 894 883 979 duplicatis;
907 917 1069 980 uunquam
1091 905 1199 964 autem

83 993 191 1059 Graeci
227 994 478 1079 duplicationem
515 993 684 1059 metathesi
722 992 972 1076 obscurarunt.⁵)
1023 994 1130 1073 Quare
1165 994 1200 1060 id

83 1091 178 1156 solum
207 1092 335 1159 videtur
362 1099 485 1160 restare
513 1099 547 1156 ut
575 1109 763 1156 consuamus
792 1089 1026 1176 δαρ-δάπ-τ-ιυ
1051 1112 1068 1158 c
1090 1091 1199 1177 *δαρ-

83 1186 249 1270 ὀαρπ-τ-ιυ
279 1196 383 1255 crtum
412 1209 493 1256 esse.
537 1193 661 1273 Δρέπω
691 1188 777 1254 euim
802 1195 916 1277 natum
942 1195 991 1254 est
1013 1208 1031 1255 e
1053 1189 1090 1255 R.
1114 1188 1198 1276 δρακ

82 1305 215 1370 carpere,
254 1287 340 1353 unde
371 1283 525 1372 δρακ-ός·
562 1293 624 1373 τῆς
650 1283 764 1369 χειρός
786 1286 872 1367 Hcs,
910 1289 1098 1370 Apta-arcu
1127 1285 1200 1372 (Coi

81 1383 199 1450 insulae
233 1385 499 1469 promontorium,
535 1380 656 1466 Strab.)
691 1384 710 1446 i.
735 1403 765 1465 q.
794 1387 998 1466 Δρέπ-ανον.
1044 1384 1199 1468 Ejusdem

15 1475 16 1486 ’
82 1488 180 1546 autem
203 1483 322 1548 radicis
338 1490 386 1548 est
410 1480 564 1566 ὃάρκ-ες·
591 1479 712 1562 δέσμαι
728 1481 803 1546 Hes.
827 1515 868 1526 —
891 1481 981 1546 Licet
1000 1482 1097 1565 igitur
1119 1482 1200 1548 haec

81 1577 157 1644 inter
172 1599 207 1645 sc
220 1579 380 1646 conferre:
397 1584 603 1664 Δρέκ-ανοντ
621 1576 760 1662 talpa-eg
771 1613 813 1632 =
825 1579 1007 1663 δρέπψωε
1025 1579 1198 1660 dupn-r-cu

81 1673 128 1757 (cf.
152 1675 331 1764 δόρη-η·
355 1675 515 1764 σαργάνη.
538 1674 680 1762 κόφινος
695 1675 825 1760 Hes.?);
850 1677 1070 1760 δαρ-δαρπτω
1092 1684 1200 1744 autem

80 1775 208 1840 altorum
238 1801 256 1860 ρ
285 1777 393 1842 amisit
418 1776 494 1859 quia
521 1772 685 1858 displicuit
711 1774 872 1840 interdum
895 1775 1027 1868 Graccis
1055 1773 1200 1858 ejusdem

82 1871 186 1939 literae
213 1872 358 1956 liquidae
386 1872 546 1958 repetitio.
597 1870 704 1950 Quare
734 1870 926 1958 δρύφακτος
956 1871 1106 1938 dixerunt
1141 1894 1199 1957 pro

16 1973 18 1980 ’
83 1967 298 2054 δρύφρακτος,
325 1975 489 2054 &pavatio
504 1989 562 2053 pro
580 1971 777 2051 Θρινακρία,
801 1968 1023 2054 &ruodpertus
1045 1991 1103 2053 pro
1119 1975 1200 2054 θρι-

15 2069 17 2146 J
82 2064 254 2152 πόβρωτος
293 2069 386 2153 (Lob.
410 2069 516 2134 Paral.
545 2089 576 2152 p.
603 2071 641 2132 15
664 2066 760 2150 not),
794 2069 891 2134 etiam
921 2067 1111 2154 φύγ-εθλον
1141 2088 1200 2152 pro

15 2169 18 2244 j
82 2163 284 2248 φλύγ-εθλον
308 2166 403 2251 (Pctt.
420 2169 478 2249 11²,
501 2166 588 2251 778).
618 2167 645 2230 E
668 2163 942 2248 dap-deprecor
965 2165 1061 2248 igitur
1082 2166 1201 2250 prodiit

15 2269 17 2276 '
83 2259 275 2346 dopddmor3
318 2265 352 2330 id
393 2271 498 2330 autem
545 2263 703 2346 quomodo
746 2267 856 2327 natum
899 2263 940 2328 sit
981 2261 1199 2345 quaerendum

82 2365 132 2425 est.
175 2363 283 2428 Potuit
305 2383 383 2428 sane
406 2368 438 2427 et
461 2361 573 2427 debuit
595 2362 632 2426 R.
658 2359 749 2444 ὃαρπ
772 2360 818 2424 ita
841 2360 997 2444 duplicari
1020 2366 1054 2424 ut
1077 2383 1104 2422 rr
1126 2379 1200 2424 cou-

81 2477 154 2524 soua
189 2462 387 2526 omitteretur
414 2460 448 2524 iu
477 2459 583 2542 priore
615 2458 759 2542 syllaba;
797 2465 830 2522 at
857 2457 995 2521 fortasse
1023 2456 1089 2522 alia
1116 2457 1199 2521 ratio

81 2557 176 2639 magis
204 2558 356 2642 placebit.
401 2556 507 2623 Radix
528 2557 587 2621 illa
609 2555 709 2638 dap-n
732 2559 782 2630 (π)
806 2556 905 2619 oravit
934 2574 1075 2619 consona
1097 2553 1199 2618 deter-

81 2654 230 2721 minativa
252 2681 271 2720 κ
295 2655 444 2722 eradico
474 2653 535 2738 dap
561 2651 660 2736 (δερ),
697 2672 756 2717 scr.
781 2653 841 2714 dor
869 2650 1025 2732 scindere,
1055 2653 1199 2718 lacerare

14 2759 16 2782 ²
82 2749 174 2830 (unde
195 2753 351 2837 carpendi
373 2747 462 2817 uct'io
485 2757 554 2816 orta
576 2759 640 2816 cst:
668 2746 798 2831 δάρ-ιν·
823 2746 1013 2834 σπιθαμήν.
1039 2745 1198 2832 Ἀρκάδες
1274 2757 1279 2766 ’

81 2848 174 2932 Hes).
218 2850 310 2929 Quac
338 2851 431 2915 radix
462 2849 675 2915 determinata
702 2847 795 2912 unius
822 2848 951 2930 liuguae
980 2866 1117 2928 graecae
1139 2853 1197 2926 est,

15 2935 16 2946 ’
81 2946 210 3031 simplex
232 2954 340 3014 autem
364 2947 424 3010 dur·
445 2947 602 3030 praebent
622 2950 750 3028 praeter
764 2945 841 3027 ling.
858 2964 915 3010 scr.
932 2952 964 3010 et
978 2943 1069 3008 nond.
1090 2947 1199 3028 palae·

14 3035 16 3040 ’
82 3045 133 3109 osl.
149 3045 250 3127 dor-p,
272 3045 319 3109 lit.
343 3042 451 3126 dir-id,
474 3051 539 3124 got.
562 3044 690 3121 teir-on,
714 3044 861 3126 palaeog.
877 3050 1006 3119 adr-om
1031 3049 1199 3125 praeterea

14 3221 15 3226 ἵ
82 3141 268 3224 duplicatum
298 3141 419 3206 carcar
445 3143 561 3224 legitur
589 3141 622 3205 iu
650 3141 742 3205 libris
771 3139 967 3222 Rig-Vedae.
1011 3141 1052 3204 Et
1073 3139 1100 3204 si
1121 3139 1199 3205 iude

81 3239 158 3318 quod
180 3243 292 3322 lingua
312 3259 430 3322 graeca
451 3239 521 3304 sola
542 3238 684 3304 radicem
708 3237 954 3304 determinatam
976 3237 1110 3320 praebet
1131 3257 1197 3301 non

74 3328 148 3402 'licet
169 3339 314 3404 conicere
335 3338 369 3402 iu
398 3339 469 3420 ipsa
497 3337 609 3418 lingua
636 3337 753 3419 graeca
777 3336 876 3401 icisse
899 3335 968 3418 ejus
990 3333 1197 3417 primordium

82 3429 163 3514 (uam
192 3455 275 3518 quae
309 3435 351 3500 sit
378 3453 587 3504 consonarum
617 3433 744 3498 illarum
774 3439 916 3498 vetustas
948 3450 1041 3496 nemo
1070 3429 1196 3514 nescit),

82 3535 182 3598 tamon
210 3533 405 3616 comparatis
434 3531 507 3597 aliis
535 3530 643 3596 multis
671 3530 830 3597 recentior
859 3529 929 3612 ejus
951 3529 1040 3610 origo
1062 3527 1197 3593 tortasse

82 3630 236 3708 probatur.
280 3629 386 3708 Quare
414 3629 502 3694 haud
530 3630 671 3694 alienum
701 3627 828 3692 videtur
856 3625 1011 3708 suspicari
1034 3623 1197 3708 dap-dup-

83 3747 183 3790 rr-c-or
199 3749 217 3795 e
234 3728 343 3793 radice
358 3726 522 3810 duplicata
544 3727 679 3790 dor-dor
701 3724 847 3789 similiter
861 3743 899 3787 ac
915 3721 1087 3805 δαρπ-τ-ιυ
1104 3723 1197 3788 eder

84 3828 177 3888 ortum
206 3846 277 3890 esse
293 3821 512 3914 ¹(durzdorprr
535 3857 573 3876 ==
596 3818 943 3903 dardumdupdaprr),
973 3839 1114 3884 consona
1143 3819 1197 3884 de-

85 3955 279 3976 .-...,.,,.,,,,,.,,

146 4025 166 4088 ⁵)
184 4021 289 4093 ἐνεργεῖ
305 4025 389 4091 (Hes.)
408 4023 479 4092 quod
497 4022 634 4087 stertit,
653 4019 825 4079 scabendum
842 4023 884 4076 ast
901 4021 999 4090 ἐγεριί.
