<?xml version="1.0" encoding="UTF-8"?>
<!DOCTYPE html PUBLIC "-//W3C//DTD XHTML 1.0 Transitional//EN"
    "http://www.w3.org/TR/xhtml1/DTD/xhtml1-transitional.dtd">
<html xmlns="http://www.w3.org/1999/xhtml" xml:lang="en" lang="en">
 <head>
  <title>
</title>
<meta http-equiv="Content-Type" content="text/html;charset=utf-8" />
  <meta name='ocr-system' content='tesseract 3.04.00' />
  <meta name='ocr-capabilities' content='ocr_page ocr_carea ocr_par ocr_line ocrx_word'/>
</head>
<body>
  <div class='ocr_page' id='page_1' title='image "./studienzurgriec02vanigoog_0144.png"; bbox 0 0 2958 4868; ppageno 0'>
   <div class='ocr_carea' id='block_1_1' title="bbox 0 48 2 959">
    <p class='ocr_par' dir='ltr' id='par_1_1' title="bbox 0 48 2 959">
     <span class='ocr_line' id='line_1_1' title="bbox 0 48 2 959; baseline 0 0"><span class='ocrx_word' id='word_1_1' title='bbox 0 48 2 959; x_wconf 95' lang='lat' dir='ltr'> </span> 
     </span>
    </p>
   </div>
   <div class='ocr_carea' id='block_1_2' title="bbox 307 489 929 552">
    <p class='ocr_par' dir='ltr' id='par_1_2' title="bbox 307 489 929 552">
     <span class='ocr_line' id='line_1_2' title="bbox 307 489 929 552; baseline -0.006 -2"><span class='ocrx_word' id='word_1_2' title='bbox 307 489 367 552; x_wconf 84' lang='grc'>134</span> <span class='ocrx_word' id='word_1_3' title='bbox 819 491 929 548; x_wconf 79' lang='lat' dir='ltr'>Fritsoh</span> 
     </span>
    </p>
   </div>
   <div class='ocr_carea' id='block_1_3' title="bbox 302 663 1413 1728">
    <p class='ocr_par' dir='ltr' id='par_1_3' title="bbox 303 663 1413 1534">
     <span class='ocr_line' id='line_1_3' title="bbox 304 663 1410 756; baseline -0.001 -21"><span class='ocrx_word' id='word_1_4' title='bbox 304 667 531 756; x_wconf 85' lang='lat' dir='ltr'>plioaverimus</span> <span class='ocrx_word' id='word_1_5' title='bbox 553 672 584 731; x_wconf 92' lang='lat' dir='ltr'>et</span> <span class='ocrx_word' id='word_1_6' title='bbox 612 672 697 732; x_wconf 85' lang='lat' dir='ltr'>rente</span> <span class='ocrx_word' id='word_1_7' title='bbox 719 666 752 731; x_wconf 92' lang='lat' dir='ltr'>ni</span> <span class='ocrx_word' id='word_1_8' title='bbox 780 663 887 748; x_wconf 80' lang='lat' dir='ltr'>fallor,</span> <span class='ocrx_word' id='word_1_9' title='bbox 918 665 1137 750; x_wconf 88' lang='lat' dir='ltr'>hyphaereain</span> <span class='ocrx_word' id='word_1_10' title='bbox 1160 667 1327 750; x_wconf 78' lang='lat' dir='ltr'>paullatim</span> <span class='ocrx_word' id='word_1_11' title='bbox 1345 667 1410 750; x_wconf 85' lang='lat' dir='ltr'>lieri,</span> 
     </span>
     <span class='ocr_line' id='line_1_4' title="bbox 304 763 1411 850; baseline -0.005 -14"><span class='ocrx_word' id='word_1_12' title='bbox 304 789 370 836; x_wconf 89' lang='lat' dir='ltr'>non</span> <span class='ocrx_word' id='word_1_13' title='bbox 392 765 488 832; x_wconf 88' lang='lat' dir='ltr'>video</span> <span class='ocrx_word' id='word_1_14' title='bbox 511 785 573 847; x_wconf 90' lang='lat' dir='ltr'>qno</span> <span class='ocrx_word' id='word_1_15' title='bbox 588 764 653 829; x_wconf 90' lang='lat' dir='ltr'>alio</span> <span class='ocrx_word' id='word_1_16' title='bbox 671 763 767 829; x_wconf 92' lang='lat' dir='ltr'>modo</span> <span class='ocrx_word' id='word_1_17' title='bbox 789 771 862 848; x_wconf 88' lang='lat' dir='ltr'>post</span> <span class='ocrx_word' id='word_1_18' title='bbox 883 766 1014 846; x_wconf 87' lang='lat' dir='ltr'>longam</span> <span class='ocrx_word' id='word_1_19' title='bbox 1030 788 1050 849; x_wconf 84' lang='grc' dir='ltr'><em>η</em></span> <span class='ocrx_word' id='word_1_20' title='bbox 1067 788 1082 828; x_wconf 88' lang='grc' dir='ltr'><em>ε</em></span> <span class='ocrx_word' id='word_1_21' title='bbox 1102 783 1297 832; x_wconf 80' lang='lat' dir='ltr'>evanescere</span> <span class='ocrx_word' id='word_1_22' title='bbox 1317 767 1411 850; x_wconf 82' lang='lat' dir='ltr'>possit,</span> 
     </span>
     <span class='ocr_line' id='line_1_5' title="bbox 304 860 1410 948; baseline -0.004 -16"><span class='ocrx_word' id='word_1_23' title='bbox 304 867 368 932; x_wconf 86' lang='lat' dir='ltr'>nisi</span> <span class='ocrx_word' id='word_1_24' title='bbox 389 883 460 929; x_wconf 90' lang='lat' dir='ltr'>oum</span> <span class='ocrx_word' id='word_1_25' title='bbox 483 887 502 948; x_wconf 84' lang='grc' dir='ltr'><em>η</em></span> <span class='ocrx_word' id='word_1_26' title='bbox 526 863 560 926; x_wconf 95' lang='lat' dir='ltr'>in</span> <span class='ocrx_word' id='word_1_27' title='bbox 588 881 686 926; x_wconf 90' lang='lat' dir='ltr'>unam</span> <span class='ocrx_word' id='word_1_28' title='bbox 708 861 838 943; x_wconf 86' lang='lat' dir='ltr'>longam</span> <span class='ocrx_word' id='word_1_29' title='bbox 866 862 1011 927; x_wconf 76' lang='lat' dir='ltr'><strong>vocalem</strong></span> <span class='ocrx_word' id='word_1_30' title='bbox 1033 860 1187 938; x_wconf 79' lang='lat' dir='ltr'>confluat,</span> <span class='ocrx_word' id='word_1_31' title='bbox 1218 863 1239 926; x_wconf 94' lang='lat' dir='ltr'>i.</span> <span class='ocrx_word' id='word_1_32' title='bbox 1264 883 1292 928; x_wconf 89' lang='grc' dir='ltr'>ο.</span> <span class='ocrx_word' id='word_1_33' title='bbox 1314 883 1410 948; x_wconf 74' lang='grc' dir='ltr'><strong><em>οοιοη</em></strong></span> 
     </span>
     <span class='ocr_line' id='line_1_6' title="bbox 304 955 1411 1046; baseline -0.005 -16"><span class='ocrx_word' id='word_1_34' title='bbox 304 963 519 1030; x_wconf 78' lang='lat' dir='ltr'>nontrahatur.</span> <span class='ocrx_word' id='word_1_35' title='bbox 564 959 608 1026; x_wconf 85' lang='lat' dir='ltr'>Ut</span> <span class='ocrx_word' id='word_1_36' title='bbox 635 960 732 1042; x_wconf 81' lang='lat' dir='ltr'>igitur</span> <span class='ocrx_word' id='word_1_37' title='bbox 753 959 838 1034; x_wconf 83' lang='grc' dir='ltr'><em>λᾶας</em></span> <span class='ocrx_word' id='word_1_38' title='bbox 859 959 893 1024; x_wconf 88' lang='lat' dir='ltr'>in</span> <span class='ocrx_word' id='word_1_39' title='bbox 915 959 992 1040; x_wconf 84' lang='grc' dir='ltr'><strong><em>λᾶς,</em></strong></span> <span class='ocrx_word' id='word_1_40' title='bbox 1017 955 1111 1045; x_wconf 73' lang='grc' dir='ltr'><strong><em>ἥρωα</em></strong></span> <span class='ocrx_word' id='word_1_41' title='bbox 1134 960 1168 1024; x_wconf 88' lang='lat' dir='ltr'>in</span> <span class='ocrx_word' id='word_1_42' title='bbox 1191 957 1280 1046; x_wconf 76' lang='grc' dir='ltr'><strong><em>ἥρω,</em></strong></span> <span class='ocrx_word' id='word_1_43' title='bbox 1309 957 1411 1045; x_wconf 77' lang='grc' dir='ltr'><strong><em>ἀιργός</em></strong></span> 
     </span>
     <span class='ocr_line' id='line_1_7' title="bbox 303 1045 1411 1152; baseline -0.004 -26"><span class='ocrx_word' id='word_1_44' title='bbox 303 1061 337 1126; x_wconf 90' lang='lat' dir='ltr'>in</span> <span class='ocrx_word' id='word_1_45' title='bbox 360 1056 478 1143; x_wconf 73' lang='grc' dir='ltr'><strong><em>ἀργός,</em></strong></span> <span class='ocrx_word' id='word_1_46' title='bbox 511 1057 557 1124; x_wconf 80' lang='lat' dir='ltr'>sio</span> <span class='ocrx_word' id='word_1_47' title='bbox 579 1045 618 1142; x_wconf 79' lang='grc' dir='ltr'>ἦε</span> <span class='ocrx_word' id='word_1_48' title='bbox 641 1057 675 1120; x_wconf 88' lang='lat' dir='ltr'>in</span> <span class='ocrx_word' id='word_1_49' title='bbox 699 1045 735 1152; x_wconf 47' lang='lat' dir='ltr'>&#39;d’</span> <span class='ocrx_word' id='word_1_50' title='bbox 769 1048 807 1138; x_wconf 77' lang='grc' dir='ltr'>ἠέ</span> <span class='ocrx_word' id='word_1_51' title='bbox 829 1057 864 1122; x_wconf 89' lang='lat' dir='ltr'>in</span> <span class='ocrx_word' id='word_1_52' title='bbox 887 1052 923 1143; x_wconf 71' lang='grc' dir='ltr'>ἤ,</span> <span class='ocrx_word' id='word_1_53' title='bbox 956 1055 1118 1144; x_wconf 79' lang='grc' dir='ltr'><strong><em>τιμήεντα</em></strong></span> <span class='ocrx_word' id='word_1_54' title='bbox 1139 1057 1173 1122; x_wconf 90' lang='lat' dir='ltr'>in</span> <span class='ocrx_word' id='word_1_55' title='bbox 1195 1064 1336 1144; x_wconf 78' lang='grc' dir='ltr'><strong><em>τιμῆντα</em></strong></span> <span class='ocrx_word' id='word_1_56' title='bbox 1368 1057 1411 1142; x_wconf 77' lang='lat' dir='ltr'>(ei.</span> 
     </span>
     <span class='ocr_line' id='line_1_8' title="bbox 304 1152 1412 1240; baseline -0.003 -16"><span class='ocrx_word' id='word_1_57' title='bbox 304 1159 423 1224; x_wconf 86' lang='lat' dir='ltr'>Buttm.</span> <span class='ocrx_word' id='word_1_58' title='bbox 446 1177 491 1240; x_wconf 90' lang='lat' dir='ltr'>gr.</span> <span class='ocrx_word' id='word_1_59' title='bbox 515 1176 562 1238; x_wconf 88' lang='lat' dir='ltr'>gr.</span> <span class='ocrx_word' id='word_1_60' title='bbox 584 1157 604 1235; x_wconf 66' lang='grc' dir='ltr'>ξ</span> <span class='ocrx_word' id='word_1_61' title='bbox 627 1159 664 1218; x_wconf 86' lang='grc'>41</span> <span class='ocrx_word' id='word_1_62' title='bbox 691 1153 775 1218; x_wconf 80' lang='lat' dir='ltr'>Adn.</span> <span class='ocrx_word' id='word_1_63' title='bbox 802 1152 854 1238; x_wconf 86' lang='lat'>15)</span> <span class='ocrx_word' id='word_1_64' title='bbox 877 1155 1023 1220; x_wconf 88' lang='lat' dir='ltr'>eontrahi</span> <span class='ocrx_word' id='word_1_65' title='bbox 1045 1154 1241 1220; x_wconf 79' lang='lat' dir='ltr'>censendum</span> <span class='ocrx_word' id='word_1_66' title='bbox 1263 1161 1322 1221; x_wconf 88' lang='lat' dir='ltr'>est.</span> <span class='ocrx_word' id='word_1_67' title='bbox 1362 1156 1412 1222; x_wconf 86' lang='lat' dir='ltr'>Ne·</span> 
     </span>
     <span class='ocr_line' id='line_1_9' title="bbox 305 1249 1412 1340; baseline -0.005 -18"><span class='ocrx_word' id='word_1_68' title='bbox 305 1277 367 1340; x_wconf 86' lang='lat' dir='ltr'>que</span> <span class='ocrx_word' id='word_1_69' title='bbox 388 1255 484 1320; x_wconf 84' lang='lat' dir='ltr'>aliter</span> <span class='ocrx_word' id='word_1_70' title='bbox 505 1253 564 1316; x_wconf 83' lang='grc' dir='ltr'>λα·</span> <span class='ocrx_word' id='word_1_71' title='bbox 586 1271 626 1317; x_wconf 84' lang='lat' dir='ltr'>ex</span> <span class='ocrx_word' id='word_1_72' title='bbox 648 1252 729 1316; x_wconf 84' lang='grc' dir='ltr'><strong><em>λαο-</em></strong></span> <span class='ocrx_word' id='word_1_73' title='bbox 752 1258 854 1316; x_wconf 85' lang='lat' dir='ltr'>ortum</span> <span class='ocrx_word' id='word_1_74' title='bbox 877 1259 926 1316; x_wconf 84' lang='lat' dir='ltr'>ost</span> <span class='ocrx_word' id='word_1_75' title='bbox 950 1251 984 1316; x_wconf 92' lang='lat' dir='ltr'>in</span> <span class='ocrx_word' id='word_1_76' title='bbox 1007 1249 1200 1334; x_wconf 81' lang='grc' dir='ltr'><strong><em>Λαδικεύς,</em></strong></span> <span class='ocrx_word' id='word_1_77' title='bbox 1231 1251 1412 1339; x_wconf 79' lang='grc' dir='ltr'><strong><em>Λακράτης,</em></strong></span> 
     </span>
     <span class='ocr_line' id='line_1_10' title="bbox 304 1347 1412 1435; baseline -0.001 -19"><span class='ocrx_word' id='word_1_78' title='bbox 304 1351 452 1435; x_wconf 84' lang='grc' dir='ltr'><strong><em>λατόμος</em></strong></span> <span class='ocrx_word' id='word_1_79' title='bbox 473 1371 531 1435; x_wconf 91' lang='lat' dir='ltr'>pro</span> <span class='ocrx_word' id='word_1_80' title='bbox 554 1347 761 1426; x_wconf 79' lang='grc' dir='ltr'><strong><em>Λαοδικεύς,</em></strong></span> <span class='ocrx_word' id='word_1_81' title='bbox 784 1347 1002 1435; x_wconf 82' lang='grc' dir='ltr'><strong><em>Λαοκράτης,</em></strong></span> <span class='ocrx_word' id='word_1_82' title='bbox 1026 1347 1203 1430; x_wconf 83' lang='grc' dir='ltr'><strong><em>λαοτόμος,</em></strong></span> <span class='ocrx_word' id='word_1_83' title='bbox 1225 1351 1259 1416; x_wconf 91' lang='lat' dir='ltr'>in</span> <span class='ocrx_word' id='word_1_84' title='bbox 1282 1351 1412 1433; x_wconf 90' lang='lat' dir='ltr'>quibuso</span> 
     </span>
     <span class='ocr_line' id='line_1_11' title="bbox 305 1447 1413 1534; baseline -0.005 -17"><span class='ocrx_word' id='word_1_85' title='bbox 305 1451 443 1534; x_wconf 81' lang='lat' dir='ltr'>ejectam</span> <span class='ocrx_word' id='word_1_86' title='bbox 466 1468 537 1532; x_wconf 86' lang='lat' dir='ltr'>esse</span> <span class='ocrx_word' id='word_1_87' title='bbox 558 1448 691 1512; x_wconf 83' lang='lat' dir='ltr'>Lobeck</span> <span class='ocrx_word' id='word_1_88' title='bbox 713 1448 806 1512; x_wconf 82' lang='lat' dir='ltr'>Path.</span> <span class='ocrx_word' id='word_1_89' title='bbox 829 1447 879 1512; x_wconf 83' lang='lat' dir='ltr'>El.</span> <span class='ocrx_word' id='word_1_90' title='bbox 902 1447 934 1529; x_wconf 95' lang='grc' dir='ltr'>Ι,</span> <span class='ocrx_word' id='word_1_91' title='bbox 959 1451 1022 1512; x_wconf 85' lang='grc'>304</span> <span class='ocrx_word' id='word_1_92' title='bbox 1046 1468 1111 1513; x_wconf 90' lang='lat' dir='ltr'>non</span> <span class='ocrx_word' id='word_1_93' title='bbox 1132 1454 1219 1514; x_wconf 86' lang='lat' dir='ltr'>reete</span> <span class='ocrx_word' id='word_1_94' title='bbox 1240 1448 1413 1532; x_wconf 82' lang='lat' dir='ltr'>suspicatur.</span> 
     </span>
    </p>

    <p class='ocr_par' dir='ltr' id='par_1_4' title="bbox 302 1543 1413 1728">
     <span class='ocr_line' id='line_1_12' title="bbox 390 1543 1413 1632; baseline -0.002 -20"><span class='ocrx_word' id='word_1_95' title='bbox 390 1547 473 1632; x_wconf 82' lang='lat' dir='ltr'>Ipsis</span> <span class='ocrx_word' id='word_1_96' title='bbox 502 1547 538 1611; x_wconf 95' lang='lat' dir='ltr'>in</span> <span class='ocrx_word' id='word_1_97' title='bbox 567 1545 676 1610; x_wconf 83' lang='lat' dir='ltr'>formis</span> <span class='ocrx_word' id='word_1_98' title='bbox 705 1543 949 1625; x_wconf 83' lang='lat' dir='ltr'>enumerandis,</span> <span class='ocrx_word' id='word_1_99' title='bbox 986 1545 1041 1609; x_wconf 92' lang='lat' dir='ltr'>ubi</span> <span class='ocrx_word' id='word_1_100' title='bbox 1069 1545 1303 1628; x_wconf 80' lang='lat' dir='ltr'>vocales&#39;post</span> <span class='ocrx_word' id='word_1_101' title='bbox 1330 1571 1341 1611; x_wconf 94' lang='grc' dir='ltr'><strong><em>ι</em></strong></span> <span class='ocrx_word' id='word_1_102' title='bbox 1370 1547 1413 1612; x_wconf 90' lang='lat' dir='ltr'>vel</span> 
     </span>
     <span class='ocr_line' id='line_1_13' title="bbox 302 1641 1410 1728; baseline -0.002 -17"><span class='ocrx_word' id='word_1_103' title='bbox 302 1646 406 1711; x_wconf 90' lang='lat' dir='ltr'>rarius</span> <span class='ocrx_word' id='word_1_104' title='bbox 429 1650 502 1728; x_wconf 89' lang='lat' dir='ltr'>post</span> <span class='ocrx_word' id='word_1_105' title='bbox 516 1668 535 1707; x_wconf 90' lang='lat' dir='ltr'><em>v</em></span> <span class='ocrx_word' id='word_1_106' title='bbox 554 1643 654 1709; x_wconf 87' lang='lat' dir='ltr'>elisae</span> <span class='ocrx_word' id='word_1_107' title='bbox 676 1650 759 1727; x_wconf 94' lang='lat' dir='ltr'>sunt,</span> <span class='ocrx_word' id='word_1_108' title='bbox 783 1664 863 1726; x_wconf 90' lang='lat' dir='ltr'>opus</span> <span class='ocrx_word' id='word_1_109' title='bbox 885 1661 957 1708; x_wconf 87' lang='lat' dir='ltr'>esse</span> <span class='ocrx_word' id='word_1_110' title='bbox 978 1641 1115 1723; x_wconf 89' lang='lat' dir='ltr'>videtur,</span> <span class='ocrx_word' id='word_1_111' title='bbox 1138 1649 1238 1708; x_wconf 85' lang='lat' dir='ltr'>totam</span> <span class='ocrx_word' id='word_1_112' title='bbox 1260 1643 1410 1710; x_wconf 79' lang='lat' dir='ltr'>materiam</span> 
     </span>
    </p>
   </div>
   <div class='ocr_carea' id='block_1_4' title="bbox 180 1733 1412 1826">
    <p class='ocr_par' dir='ltr' id='par_1_5' title="bbox 180 1733 1412 1826">
     <span class='ocr_line' id='line_1_14' title="bbox 180 1733 1412 1826; baseline -0.002 -18"><span class='ocrx_word' id='word_1_113' title='bbox 180 1733 183 1740; x_wconf 72' lang='grc'><strong>’</strong></span> <span class='ocrx_word' id='word_1_114' title='bbox 225 1741 227 1745; x_wconf 75' lang='grc'><strong>’</strong></span> <span class='ocrx_word' id='word_1_115' title='bbox 304 1745 338 1808; x_wconf 92' lang='lat' dir='ltr'>in</span> <span class='ocrx_word' id='word_1_116' title='bbox 368 1743 448 1809; x_wconf 90' lang='lat' dir='ltr'>duas</span> <span class='ocrx_word' id='word_1_117' title='bbox 476 1747 584 1826; x_wconf 88' lang='lat' dir='ltr'>partes</span> <span class='ocrx_word' id='word_1_118' title='bbox 613 1740 759 1806; x_wconf 91' lang='lat' dir='ltr'>dividere</span> <span class='ocrx_word' id='word_1_119' title='bbox 788 1747 819 1806; x_wconf 91' lang='lat' dir='ltr'>et</span> <span class='ocrx_word' id='word_1_120' title='bbox 847 1741 983 1824; x_wconf 86' lang='lat' dir='ltr'>primum</span> <span class='ocrx_word' id='word_1_121' title='bbox 1006 1739 1135 1822; x_wconf 90' lang='lat' dir='ltr'>quidem</span> <span class='ocrx_word' id='word_1_122' title='bbox 1165 1739 1206 1806; x_wconf 92' lang='lat' dir='ltr'>de</span> <span class='ocrx_word' id='word_1_123' title='bbox 1234 1741 1412 1826; x_wconf 83' lang='lat' dir='ltr'>hyphaeresi</span> 
     </span>
    </p>
   </div>
   <div class='ocr_carea' id='block_1_5' title="bbox 299 1832 1411 2216">
    <p class='ocr_par' dir='ltr' id='par_1_6' title="bbox 299 1832 1411 2216">
     <span class='ocr_line' id='line_1_15' title="bbox 302 1832 1411 1922; baseline -0.001 -18"><span class='ocrx_word' id='word_1_124' title='bbox 302 1841 426 1906; x_wconf 86' lang='lat' dir='ltr'>vooalis</span> <span class='ocrx_word' id='word_1_125' title='bbox 449 1863 477 1922; x_wconf 94' lang='grc' dir='ltr'>ο,</span> <span class='ocrx_word' id='word_1_126' title='bbox 500 1847 566 1904; x_wconf 88' lang='lat' dir='ltr'>turn</span> <span class='ocrx_word' id='word_1_127' title='bbox 590 1837 630 1904; x_wconf 89' lang='lat' dir='ltr'>de</span> <span class='ocrx_word' id='word_1_128' title='bbox 652 1839 774 1904; x_wconf 88' lang='lat' dir='ltr'>vooalis</span> <span class='ocrx_word' id='word_1_129' title='bbox 797 1862 818 1902; x_wconf 91' lang='grc' dir='ltr'><strong><em>α</em></strong></span> <span class='ocrx_word' id='word_1_130' title='bbox 840 1857 947 1922; x_wconf 84' lang='lat' dir='ltr'>agere.</span> <span class='ocrx_word' id='word_1_131' title='bbox 992 1832 1057 1903; x_wconf 86' lang='lat' dir='ltr'>Sed</span> <span class='ocrx_word' id='word_1_132' title='bbox 1083 1839 1268 1922; x_wconf 89' lang='lat' dir='ltr'>priusquam</span> <span class='ocrx_word' id='word_1_133' title='bbox 1290 1839 1411 1906; x_wconf 84' lang='lat' dir='ltr'>mediam</span> 
     </span>
     <span class='ocr_line' id='line_1_16' title="bbox 301 1925 1409 2027; baseline -0.002 -25"><span class='ocrx_word' id='word_1_134' title='bbox 301 1939 337 2002; x_wconf 95' lang='lat' dir='ltr'>in</span> <span class='ocrx_word' id='word_1_135' title='bbox 359 1958 426 2027; x_wconf 91' lang='lat' dir='ltr'>rem</span> <span class='ocrx_word' id='word_1_136' title='bbox 449 1937 633 2017; x_wconf 84' lang='lat' dir='ltr'>veniamua,</span> <span class='ocrx_word' id='word_1_137' title='bbox 663 1937 759 2002; x_wconf 87' lang='lat' dir='ltr'>etiam</span> <span class='ocrx_word' id='word_1_138' title='bbox 781 1936 977 2002; x_wconf 88' lang='lat' dir='ltr'>monendum</span> <span class='ocrx_word' id='word_1_139' title='bbox 999 1942 1063 2016; x_wconf 89' lang='lat' dir='ltr'>est,</span> <span class='ocrx_word' id='word_1_140' title='bbox 1092 1956 1143 2002; x_wconf 88' lang='lat' dir='ltr'>me</span> <span class='ocrx_word' id='word_1_141' title='bbox 1165 1951 1237 2002; x_wconf 77' lang='lat' dir='ltr'>non&#39;</span> <span class='ocrx_word' id='word_1_142' title='bbox 1258 1925 1294 2002; x_wconf 85' lang='lat' dir='ltr'>id</span> <span class='ocrx_word' id='word_1_143' title='bbox 1320 1956 1409 2020; x_wconf 80' lang='lat' dir='ltr'>agero,</span> 
     </span>
     <span class='ocr_line' id='line_1_17' title="bbox 302 2033 1411 2116; baseline -0.002 -16"><span class='ocrx_word' id='word_1_144' title='bbox 302 2043 338 2100; x_wconf 89' lang='lat' dir='ltr'>ut</span> <span class='ocrx_word' id='word_1_145' title='bbox 360 2055 470 2101; x_wconf 90' lang='lat' dir='ltr'>omnes</span> <span class='ocrx_word' id='word_1_146' title='bbox 491 2035 610 2100; x_wconf 85' lang='lat' dir='ltr'>formas</span> <span class='ocrx_word' id='word_1_147' title='bbox 632 2053 832 2115; x_wconf 87' lang='lat' dir='ltr'>enumerem,</span> <span class='ocrx_word' id='word_1_148' title='bbox 862 2033 920 2100; x_wconf 90' lang='lat' dir='ltr'>sed</span> <span class='ocrx_word' id='word_1_149' title='bbox 942 2053 998 2100; x_wconf 85' lang='lat' dir='ltr'>eas</span> <span class='ocrx_word' id='word_1_150' title='bbox 1025 2038 1167 2116; x_wconf 87' lang='lat' dir='ltr'>tantum,</span> <span class='ocrx_word' id='word_1_151' title='bbox 1196 2034 1312 2116; x_wconf 86' lang='lat' dir='ltr'>quibus</span> <span class='ocrx_word' id='word_1_152' title='bbox 1333 2035 1411 2100; x_wconf 82' lang='lat' dir='ltr'>sarilo</span> 
     </span>
     <span class='ocr_line' id='line_1_18' title="bbox 299 2131 1159 2216; baseline -0.003 -18"><span class='ocrx_word' id='word_1_153' title='bbox 299 2133 490 2216; x_wconf 83' lang='lat' dir='ltr'>intellegas,</span> <span class='ocrx_word' id='word_1_154' title='bbox 514 2152 597 2215; x_wconf 86' lang='lat' dir='ltr'>quae</span> <span class='ocrx_word' id='word_1_155' title='bbox 618 2133 660 2198; x_wconf 94' lang='lat' dir='ltr'>sit</span> <span class='ocrx_word' id='word_1_156' title='bbox 680 2137 798 2197; x_wconf 90' lang='lat' dir='ltr'>natura</span> <span class='ocrx_word' id='word_1_157' title='bbox 820 2131 915 2214; x_wconf 87' lang='lat' dir='ltr'>hujus</span> <span class='ocrx_word' id='word_1_158' title='bbox 937 2131 1159 2216; x_wconf 82' lang='lat' dir='ltr'>nyphaeresis.</span> 
     </span>
    </p>
   </div>
   <div class='ocr_carea' id='block_1_6' title="bbox 488 2367 1243 2448">
    <p class='ocr_par' dir='ltr' id='par_1_7' title="bbox 488 2367 1243 2448">
     <span class='ocr_line' id='line_1_19' title="bbox 488 2367 1243 2448; baseline -0.003 -14"><span class='ocrx_word' id='word_1_159' title='bbox 488 2370 507 2448; x_wconf 65' lang='grc' dir='ltr'><strong>ξ</strong></span> <span class='ocrx_word' id='word_1_160' title='bbox 533 2376 581 2435; x_wconf 88' lang='grc'>14.</span> <span class='ocrx_word' id='word_1_161' title='bbox 627 2371 685 2436; x_wconf 82' lang='lat' dir='ltr'>DE</span> <span class='ocrx_word' id='word_1_162' title='bbox 708 2367 985 2434; x_wconf 83' lang='lat' dir='ltr'>HYPHAERESI</span> <span class='ocrx_word' id='word_1_163' title='bbox 1008 2367 1190 2436; x_wconf 79' lang='lat' dir='ltr'>VOOALIS</span> <span class='ocrx_word' id='word_1_164' title='bbox 1214 2393 1243 2434; x_wconf 92' lang='grc' dir='ltr'>ο.</span> 
     </span>
    </p>
   </div>
   <div class='ocr_carea' id='block_1_7' title="bbox 299 2515 1414 3676">
    <p class='ocr_par' dir='ltr' id='par_1_8' title="bbox 299 2515 1414 3676">
     <span class='ocr_line' id='line_1_20' title="bbox 388 2515 1409 2584; baseline -0.003 0"><span class='ocrx_word' id='word_1_165' title='bbox 388 2518 504 2584; x_wconf 81' lang='lat' dir='ltr'>Graeci</span> <span class='ocrx_word' id='word_1_166' title='bbox 535 2539 600 2584; x_wconf 93' lang='lat' dir='ltr'>non</span> <span class='ocrx_word' id='word_1_167' title='bbox 630 2537 758 2583; x_wconf 87' lang='lat' dir='ltr'>amasse</span> <span class='ocrx_word' id='word_1_168' title='bbox 786 2515 936 2582; x_wconf 89' lang='lat' dir='ltr'>videntur</span> <span class='ocrx_word' id='word_1_169' title='bbox 966 2541 978 2580; x_wconf 90' lang='grc' dir='ltr'><strong><em>ι</em></strong></span> <span class='ocrx_word' id='word_1_170' title='bbox 1007 2518 1151 2582; x_wconf 84' lang='lat' dir='ltr'>vocalem</span> <span class='ocrx_word' id='word_1_171' title='bbox 1182 2517 1267 2584; x_wconf 89' lang='lat' dir='ltr'>inter</span> <span class='ocrx_word' id='word_1_172' title='bbox 1299 2519 1409 2584; x_wconf 76' lang='lat' dir='ltr'>vocales</span> 
     </span>
     <span class='ocr_line' id='line_1_21' title="bbox 299 2614 1408 2700; baseline -0.002 -20"><span class='ocrx_word' id='word_1_173' title='bbox 299 2616 525 2700; x_wconf 88' lang='lat' dir='ltr'>pronuntiare,</span> <span class='ocrx_word' id='word_1_174' title='bbox 558 2617 667 2699; x_wconf 86' lang='lat' dir='ltr'>itaque</span> <span class='ocrx_word' id='word_1_175' title='bbox 694 2614 790 2679; x_wconf 91' lang='lat' dir='ltr'>modo</span> <span class='ocrx_word' id='word_1_176' title='bbox 812 2615 915 2697; x_wconf 88' lang='lat' dir='ltr'>ipsam</span> <span class='ocrx_word' id='word_1_177' title='bbox 942 2615 1033 2680; x_wconf 85' lang='lat' dir='ltr'>illam</span> <span class='ocrx_word' id='word_1_178' title='bbox 1056 2615 1202 2698; x_wconf 83' lang='lat' dir='ltr'>ejiciunt,</span> <span class='ocrx_word' id='word_1_179' title='bbox 1237 2616 1332 2680; x_wconf 91' lang='lat' dir='ltr'>modo</span> <span class='ocrx_word' id='word_1_180' title='bbox 1353 2635 1408 2681; x_wconf 91' lang='lat' dir='ltr'>eam</span> 
     </span>
     <span class='ocr_line' id='line_1_22' title="bbox 302 2711 1409 2796; baseline 0 -20"><span class='ocrx_word' id='word_1_181' title='bbox 302 2713 447 2778; x_wconf 79' lang='lat' dir='ltr'>vocalem</span> <span class='ocrx_word' id='word_1_182' title='bbox 476 2733 559 2795; x_wconf 87' lang='lat' dir='ltr'>quae</span> <span class='ocrx_word' id='word_1_183' title='bbox 587 2714 739 2796; x_wconf 90' lang='lat' dir='ltr'>sequitur.</span> <span class='ocrx_word' id='word_1_184' title='bbox 791 2711 975 2794; x_wconf 82' lang='lat' dir='ltr'>Composita</span> <span class='ocrx_word' id='word_1_185' title='bbox 1003 2713 1089 2778; x_wconf 91' lang='lat' dir='ltr'>enim</span> <span class='ocrx_word' id='word_1_186' title='bbox 1122 2712 1156 2776; x_wconf 93' lang='lat' dir='ltr'>in</span> <span class='ocrx_word' id='word_1_187' title='bbox 1189 2711 1325 2779; x_wconf 90' lang='lat' dir='ltr'>oonfinio</span> <span class='ocrx_word' id='word_1_188' title='bbox 1356 2734 1409 2779; x_wconf 85' lang='lat' dir='ltr'>ver·</span> 
     </span>
     <span class='ocr_line' id='line_1_23' title="bbox 301 2807 1409 2893; baseline -0.002 -18"><span class='ocrx_word' id='word_1_189' title='bbox 301 2811 415 2875; x_wconf 87' lang='lat' dir='ltr'>borum</span> <span class='ocrx_word' id='word_1_190' title='bbox 444 2832 509 2875; x_wconf 94' lang='lat' dir='ltr'>non</span> <span class='ocrx_word' id='word_1_191' title='bbox 537 2812 640 2877; x_wconf 90' lang='lat' dir='ltr'>solum</span> <span class='ocrx_word' id='word_1_192' title='bbox 663 2835 681 2874; x_wconf 91' lang='lat' dir='ltr'>o</span> <span class='ocrx_word' id='word_1_193' title='bbox 705 2807 851 2892; x_wconf 80' lang='lat' dir='ltr'>ejiciunt,</span> <span class='ocrx_word' id='word_1_194' title='bbox 881 2809 909 2874; x_wconf 92' lang='lat' dir='ltr'>si</span> <span class='ocrx_word' id='word_1_195' title='bbox 937 2813 1092 2893; x_wconf 85' lang='lat' dir='ltr'>posterior</span> <span class='ocrx_word' id='word_1_196' title='bbox 1121 2833 1184 2878; x_wconf 85' lang='lat' dir='ltr'>vox</span> <span class='ocrx_word' id='word_1_197' title='bbox 1212 2815 1356 2878; x_wconf 87' lang='lat' dir='ltr'>avooali</span> <span class='ocrx_word' id='word_1_198' title='bbox 1375 2812 1409 2874; x_wconf 90' lang='lat' dir='ltr'>in·</span> 
     </span>
     <span class='ocr_line' id='line_1_24' title="bbox 301 2905 1409 2992; baseline -0.001 -20"><span class='ocrx_word' id='word_1_199' title='bbox 301 2909 380 2992; x_wconf 88' lang='lat' dir='ltr'>oipit</span> <span class='ocrx_word' id='word_1_200' title='bbox 402 2907 453 2985; x_wconf 84' lang='lat' dir='ltr'>(ot.</span> <span class='ocrx_word' id='word_1_201' title='bbox 469 2913 486 2984; x_wconf 62' lang='grc' dir='ltr'><strong>ξ</strong></span> <span class='ocrx_word' id='word_1_202' title='bbox 500 2911 542 2986; x_wconf 76' lang='grc'>9),</span> <span class='ocrx_word' id='word_1_203' title='bbox 567 2907 624 2972; x_wconf 89' lang='lat' dir='ltr'>sed</span> <span class='ocrx_word' id='word_1_204' title='bbox 647 2927 689 2973; x_wconf 92' lang='lat' dir='ltr'>ne</span> <span class='ocrx_word' id='word_1_205' title='bbox 710 2914 787 2972; x_wconf 85' lang='lat' dir='ltr'>ante</span> <span class='ocrx_word' id='word_1_206' title='bbox 808 2927 966 2973; x_wconf 85' lang='lat' dir='ltr'>oonsonas</span> <span class='ocrx_word' id='word_1_207' title='bbox 989 2910 1118 2991; x_wconf 88' lang='lat' dir='ltr'>quidem</span> <span class='ocrx_word' id='word_1_208' title='bbox 1140 2931 1212 2976; x_wconf 87' lang='lat' dir='ltr'>eam</span> <span class='ocrx_word' id='word_1_209' title='bbox 1235 2917 1371 2989; x_wconf 88' lang='lat' dir='ltr'>servant,</span> <span class='ocrx_word' id='word_1_210' title='bbox 1389 2905 1409 2971; x_wconf 91' lang='lat' dir='ltr'>si</span> 
     </span>
     <span class='ocr_line' id='line_1_25' title="bbox 303 3004 1410 3090; baseline -0.003 -20"><span class='ocrx_word' id='word_1_211' title='bbox 303 3006 450 3070; x_wconf 88' lang='lat' dir='ltr'>ovooali</span> <span class='ocrx_word' id='word_1_212' title='bbox 479 3004 699 3090; x_wconf 83' lang='lat' dir='ltr'>diphthongus</span> <span class='ocrx_word' id='word_1_213' title='bbox 727 3005 761 3072; x_wconf 91' lang='lat' dir='ltr'>in</span> <span class='ocrx_word' id='word_1_214' title='bbox 785 3029 796 3068; x_wconf 93' lang='grc' dir='ltr'><strong><em>ι</em></strong></span> <span class='ocrx_word' id='word_1_215' title='bbox 819 3005 871 3070; x_wconf 88' lang='lat' dir='ltr'>vel</span> <span class='ocrx_word' id='word_1_216' title='bbox 900 3005 1038 3088; x_wconf 86' lang='lat' dir='ltr'>simplex</span> <span class='ocrx_word' id='word_1_217' title='bbox 1067 3008 1188 3073; x_wconf 82' lang='lat' dir='ltr'>vocalis</span> <span class='ocrx_word' id='word_1_218' title='bbox 1220 3005 1410 3082; x_wconf 80' lang='lat' dir='ltr'>santeeedit,</span> 
     </span>
     <span class='ocr_line' id='line_1_26' title="bbox 302 3099 1411 3189; baseline -0.001 -22"><span class='ocrx_word' id='word_1_219' title='bbox 302 3102 388 3184; x_wconf 91' lang='lat' dir='ltr'>quod</span> <span class='ocrx_word' id='word_1_220' title='bbox 411 3122 450 3168; x_wconf 85' lang='lat' dir='ltr'>ex</span> <span class='ocrx_word' id='word_1_221' title='bbox 473 3101 525 3168; x_wconf 93' lang='lat' dir='ltr'>his</span> <span class='ocrx_word' id='word_1_222' title='bbox 547 3102 704 3185; x_wconf 88' lang='lat' dir='ltr'>exemplis</span> <span class='ocrx_word' id='word_1_223' title='bbox 725 3103 912 3184; x_wconf 84' lang='lat' dir='ltr'>intelleges:</span> <span class='ocrx_word' id='word_1_224' title='bbox 940 3099 1113 3182; x_wconf 78' lang='grc' dir='ltr'><strong><em>Άξί-θεος</em></strong></span> <span class='ocrx_word' id='word_1_225' title='bbox 1135 3125 1192 3189; x_wconf 93' lang='lat' dir='ltr'>pro</span> <span class='ocrx_word' id='word_1_226' title='bbox 1215 3103 1411 3187; x_wconf 76' lang='grc' dir='ltr'><strong><em>*Άξιό-θεος</em></strong></span> 
     </span>
     <span class='ocr_line' id='line_1_27' title="bbox 301 3197 1411 3286; baseline -0.001 -21"><span class='ocrx_word' id='word_1_227' title='bbox 301 3197 356 3284; x_wconf 80' lang='lat' dir='ltr'>(ci.</span> <span class='ocrx_word' id='word_1_228' title='bbox 372 3201 451 3265; x_wconf 88' lang='lat' dir='ltr'>Lob.</span> <span class='ocrx_word' id='word_1_229' title='bbox 468 3200 559 3266; x_wconf 84' lang='lat' dir='ltr'>Path.</span> <span class='ocrx_word' id='word_1_230' title='bbox 578 3200 626 3264; x_wconf 83' lang='grc' dir='ltr'>ΕΙ.</span> <span class='ocrx_word' id='word_1_231' title='bbox 643 3200 668 3282; x_wconf 97' lang='grc' dir='ltr'>Ι,</span> <span class='ocrx_word' id='word_1_232' title='bbox 685 3203 764 3283; x_wconf 83' lang='grc'>305;</span> <span class='ocrx_word' id='word_1_233' title='bbox 786 3201 940 3266; x_wconf 87' lang='lat' dir='ltr'>Benseler</span> <span class='ocrx_word' id='word_1_234' title='bbox 961 3201 1141 3281; x_wconf 65' lang='lat' dir='ltr'>„Wdrtern</span> <span class='ocrx_word' id='word_1_235' title='bbox 1157 3202 1188 3268; x_wconf 91' lang='lat' dir='ltr'>d.</span> <span class='ocrx_word' id='word_1_236' title='bbox 1202 3223 1250 3286; x_wconf 88' lang='lat' dir='ltr'>gr.</span> <span class='ocrx_word' id='word_1_237' title='bbox 1267 3198 1411 3286; x_wconf 84' lang='lat' dir='ltr'>Eigenn.“</span> 
     </span>
     <span class='ocr_line' id='line_1_28' title="bbox 301 3294 1411 3387; baseline -0.003 -24"><span class='ocrx_word' id='word_1_238' title='bbox 301 3299 362 3364; x_wconf 84' lang='lat' dir='ltr'>hoe</span> <span class='ocrx_word' id='word_1_239' title='bbox 383 3317 501 3364; x_wconf 92' lang='lat' dir='ltr'>nornen</span> <span class='ocrx_word' id='word_1_240' title='bbox 524 3319 588 3362; x_wconf 94' lang='lat' dir='ltr'>uon</span> <span class='ocrx_word' id='word_1_241' title='bbox 609 3295 774 3381; x_wconf 85' lang='lat' dir='ltr'>praebet),</span> <span class='ocrx_word' id='word_1_242' title='bbox 806 3294 1104 3384; x_wconf 78' lang='grc' dir='ltr'><strong><em>Ἀσκληπι-γένεια</em></strong></span> <span class='ocrx_word' id='word_1_243' title='bbox 1126 3321 1183 3384; x_wconf 92' lang='lat' dir='ltr'>pro</span> <span class='ocrx_word' id='word_1_244' title='bbox 1207 3298 1411 3387; x_wconf 77' lang='grc' dir='ltr'><strong><em>*Ἀσκληπιο-</em></strong></span> 
     </span>
     <span class='ocr_line' id='line_1_29' title="bbox 301 3391 1412 3483; baseline -0.004 -21"><span class='ocrx_word' id='word_1_245' title='bbox 301 3395 413 3480; x_wconf 65' lang='lat' dir='ltr'>osvero</span> <span class='ocrx_word' id='word_1_246' title='bbox 429 3395 480 3472; x_wconf 85' lang='lat' dir='ltr'>(ef.</span> <span class='ocrx_word' id='word_1_247' title='bbox 495 3391 792 3481; x_wconf 77' lang='grc' dir='ltr'><strong><em>Ἀοκληιιιόόοτος,</em></strong></span> <span class='ocrx_word' id='word_1_248' title='bbox 815 3391 1135 3482; x_wconf 74' lang='grc' dir='ltr'><strong><em>Ἀσκληπιόδωρος),</em></strong></span> <span class='ocrx_word' id='word_1_249' title='bbox 1153 3397 1324 3483; x_wconf 79' lang='grc' dir='ltr'><strong><em>δοξιτερός</em></strong></span> <span class='ocrx_word' id='word_1_250' title='bbox 1338 3398 1412 3462; x_wconf 82' lang='lat' dir='ltr'>hosn-</span> 
     </span>
     <span class='ocr_line' id='line_1_30' title="bbox 302 3490 1413 3582; baseline 0 -26"><span class='ocrx_word' id='word_1_251' title='bbox 302 3513 359 3576; x_wconf 86' lang='lat' dir='ltr'>pro</span> <span class='ocrx_word' id='word_1_252' title='bbox 386 3490 617 3576; x_wconf 78' lang='grc' dir='ltr'><strong><em>*δεξιότερος,</em></strong></span> <span class='ocrx_word' id='word_1_253' title='bbox 647 3493 857 3578; x_wconf 76' lang='grc' dir='ltr'><strong><em>Δηΐ-φοβος,</em></strong></span> <span class='ocrx_word' id='word_1_254' title='bbox 887 3492 1078 3579; x_wconf 64' lang='lat' dir='ltr'>Api-logos,</span> <span class='ocrx_word' id='word_1_255' title='bbox 1108 3497 1310 3582; x_wconf 80' lang='grc' dir='ltr'><strong><em>Δηΐ-φονος,</em></strong></span> <span class='ocrx_word' id='word_1_256' title='bbox 1341 3507 1413 3575; x_wconf 76' lang='lat' dir='ltr'>quae</span> 
     </span>
     <span class='ocr_line' id='line_1_31' title="bbox 302 3587 1414 3676; baseline 0 -22"><span class='ocrx_word' id='word_1_257' title='bbox 302 3611 373 3654; x_wconf 89' lang='lat' dir='ltr'>oum</span> <span class='ocrx_word' id='word_1_258' title='bbox 406 3591 505 3674; x_wconf 88' lang='lat' dir='ltr'>stirpe</span> <span class='ocrx_word' id='word_1_259' title='bbox 540 3588 691 3670; x_wconf 81' lang='lat' dir='ltr'>adjectivi</span> <span class='ocrx_word' id='word_1_260' title='bbox 730 3587 825 3674; x_wconf 73' lang='grc' dir='ltr'><strong><em>δήϊος</em></strong></span> <span class='ocrx_word' id='word_1_261' title='bbox 861 3593 1037 3674; x_wconf 75' lang='lat' dir='ltr'>composita</span> <span class='ocrx_word' id='word_1_262' title='bbox 1065 3599 1140 3658; x_wconf 89' lang='lat' dir='ltr'>sunt</span> <span class='ocrx_word' id='word_1_263' title='bbox 1177 3591 1230 3676; x_wconf 85' lang='lat' dir='ltr'>(ot.</span> <span class='ocrx_word' id='word_1_264' title='bbox 1261 3588 1414 3675; x_wconf 79' lang='lat' dir='ltr'>„Grdn.“³</span> 
     </span>
    </p>
   </div>
   <div class='ocr_carea' id='block_1_8' title="bbox 301 3684 1473 4163">
    <p class='ocr_par' dir='ltr' id='par_1_9' title="bbox 301 3684 1473 4163">
     <span class='ocr_line' id='line_1_32' title="bbox 303 3684 1415 3776; baseline 0.001 -26"><span class='ocrx_word' id='word_1_265' title='bbox 303 3686 397 3770; x_wconf 84' lang='lat'>472),</span> <span class='ocrx_word' id='word_1_266' title='bbox 421 3685 594 3770; x_wconf 76' lang='grc' dir='ltr'><strong><em>ἕρι-πόλοι</em></strong></span> <span class='ocrx_word' id='word_1_267' title='bbox 616 3684 772 3770; x_wconf 83' lang='lat' dir='ltr'>lanificae,</span> <span class='ocrx_word' id='word_1_268' title='bbox 796 3709 857 3770; x_wconf 92' lang='lat' dir='ltr'>quo</span> <span class='ocrx_word' id='word_1_269' title='bbox 880 3690 1061 3756; x_wconf 84' lang='lat' dir='ltr'>Simonides</span> <span class='ocrx_word' id='word_1_270' title='bbox 1084 3691 1159 3756; x_wconf 89' lang='lat' dir='ltr'>usu&#39;s</span> <span class='ocrx_word' id='word_1_271' title='bbox 1182 3698 1230 3756; x_wconf 89' lang='lat' dir='ltr'>est</span> <span class='ocrx_word' id='word_1_272' title='bbox 1253 3711 1308 3776; x_wconf 93' lang='lat' dir='ltr'>pro</span> <span class='ocrx_word' id='word_1_273' title='bbox 1331 3687 1415 3768; x_wconf 77' lang='grc' dir='ltr'><strong><em>ἐριο-</em></strong></span> 
     </span>
     <span class='ocr_line' id='line_1_33' title="bbox 302 3781 1473 3874; baseline 0.009 -26"><span class='ocrx_word' id='word_1_274' title='bbox 302 3781 405 3848; x_wconf 79' lang='grc' dir='ltr'><strong><em>αόλοι</em></strong></span> <span class='ocrx_word' id='word_1_275' title='bbox 429 3781 481 3869; x_wconf 74' lang='lat' dir='ltr'>(pf.</span> <span class='ocrx_word' id='word_1_276' title='bbox 505 3784 582 3848; x_wconf 89' lang='lat' dir='ltr'>Lob.</span> <span class='ocrx_word' id='word_1_277' title='bbox 607 3783 698 3848; x_wconf 88' lang='lat' dir='ltr'>Path.</span> <span class='ocrx_word' id='word_1_278' title='bbox 721 3786 771 3848; x_wconf 90' lang='grc' dir='ltr'>ΕΙ.</span> <span class='ocrx_word' id='word_1_279' title='bbox 787 3787 812 3866; x_wconf 94' lang='grc' dir='ltr'>Ι,</span> <span class='ocrx_word' id='word_1_280' title='bbox 830 3791 901 3866; x_wconf 88' lang='grc'>304,</span> <span class='ocrx_word' id='word_1_281' title='bbox 927 3787 1045 3852; x_wconf 88' lang='lat' dir='ltr'>Herod.</span> <span class='ocrx_word' id='word_1_282' title='bbox 1069 3788 1118 3854; x_wconf 92' lang='lat' dir='ltr'>ed.</span> <span class='ocrx_word' id='word_1_283' title='bbox 1141 3789 1178 3854; x_wconf 90' lang='lat' dir='ltr'>L.</span> <span class='ocrx_word' id='word_1_284' title='bbox 1201 3789 1243 3870; x_wconf 92' lang='grc' dir='ltr'>ΙΙ,</span> <span class='ocrx_word' id='word_1_285' title='bbox 1267 3793 1336 3868; x_wconf 82' lang='lat'>251,</span> <span class='ocrx_word' id='word_1_286' title='bbox 1358 3781 1414 3864; x_wconf 70' lang='grc'>10),</span> <span class='ocrx_word' id='word_1_287' title='bbox 1472 3815 1473 3874; x_wconf 61' lang='lat' dir='ltr'><strong>ff</strong></span> 
     </span>
     <span class='ocr_line' id='line_1_34' title="bbox 303 3879 1414 3966; baseline 0.001 -22"><span class='ocrx_word' id='word_1_288' title='bbox 303 3879 480 3965; x_wconf 81' lang='grc' dir='ltr'><strong><em>ζεί-ὄωρος</em></strong></span> <span class='ocrx_word' id='word_1_289' title='bbox 502 3902 558 3964; x_wconf 91' lang='lat' dir='ltr'>pro</span> <span class='ocrx_word' id='word_1_290' title='bbox 582 3879 791 3966; x_wconf 80' lang='grc' dir='ltr'><strong><em>ζειό-ὀωρος,</em></strong></span> <span class='ocrx_word' id='word_1_291' title='bbox 814 3883 898 3965; x_wconf 90' lang='lat' dir='ltr'>quod</span> <span class='ocrx_word' id='word_1_292' title='bbox 916 3885 1048 3951; x_wconf 88' lang='lat' dir='ltr'>Lobeok</span> <span class='ocrx_word' id='word_1_293' title='bbox 1071 3887 1103 3963; x_wconf 90' lang='lat' dir='ltr'>(l.</span> <span class='ocrx_word' id='word_1_294' title='bbox 1126 3890 1165 3964; x_wconf 86' lang='grc' dir='ltr'>ο.)</span> <span class='ocrx_word' id='word_1_295' title='bbox 1188 3907 1254 3952; x_wconf 90' lang='lat' dir='ltr'>non</span> <span class='ocrx_word' id='word_1_296' title='bbox 1274 3891 1359 3950; x_wconf 82' lang='lat' dir='ltr'>rente</span> <span class='ocrx_word' id='word_1_297' title='bbox 1379 3897 1414 3944; x_wconf 83' lang='lat' dir='ltr'>ex</span> 
     </span>
     <span class='ocr_line' id='line_1_35' title="bbox 302 3974 1473 4063; baseline -0.003 -22"><span class='ocrx_word' id='word_1_298' title='bbox 302 3974 486 4063; x_wconf 79' lang='grc' dir='ltr'><strong><em>ζεό-ὁωρος</em></strong></span> <span class='ocrx_word' id='word_1_299' title='bbox 520 3986 713 4044; x_wconf 86' lang='lat' dir='ltr'>oontraotum</span> <span class='ocrx_word' id='word_1_300' title='bbox 746 3999 817 4046; x_wconf 88' lang='lat' dir='ltr'>esse</span> <span class='ocrx_word' id='word_1_301' title='bbox 845 3989 964 4048; x_wconf 79' lang='lat' dir='ltr'>censet.</span> <span class='ocrx_word' id='word_1_302' title='bbox 1022 3983 1087 4048; x_wconf 84' lang='lat' dir='ltr'>Sed</span> <span class='ocrx_word' id='word_1_303' title='bbox 1121 4003 1200 4049; x_wconf 87' lang='lat' dir='ltr'>oave</span> <span class='ocrx_word' id='word_1_304' title='bbox 1233 4003 1274 4048; x_wconf 94' lang='lat' dir='ltr'>ne</span> <span class='ocrx_word' id='word_1_305' title='bbox 1306 3981 1413 4046; x_wconf 82' lang='grc' dir='ltr'><strong><em>ὄικτι-</em></strong></span> <span class='ocrx_word' id='word_1_306' title='bbox 1472 4033 1473 4040; x_wconf 75' lang='grc'><strong><em>,</em></strong></span> 
     </span>
     <span class='ocr_line' id='line_1_36' title="bbox 301 4073 1412 4163; baseline 0.007 -25"><span class='ocrx_word' id='word_1_307' title='bbox 301 4073 418 4158; x_wconf 71' lang='grc' dir='ltr'><strong><em>βόλος,</em></strong></span> <span class='ocrx_word' id='word_1_308' title='bbox 449 4075 673 4160; x_wconf 78' lang='grc' dir='ltr'><strong><em>ὄακρύ-ρροος</em></strong></span> <span class='ocrx_word' id='word_1_309' title='bbox 696 4083 755 4142; x_wconf 82' lang='lat' dir='ltr'>cet.</span> <span class='ocrx_word' id='word_1_310' title='bbox 784 4097 824 4144; x_wconf 81' lang='lat' dir='ltr'>ex</span> <span class='ocrx_word' id='word_1_311' title='bbox 853 4078 1122 4161; x_wconf 65' lang='lat' dir='ltr'>*drusun-doing,</span> <span class='ocrx_word' id='word_1_312' title='bbox 1152 4080 1412 4163; x_wconf 76' lang='grc' dir='ltr'><strong><em>*ὁακροο-ρρθθς</em></strong></span> 
     </span>
    </p>
   </div>
   <div class='ocr_carea' id='block_1_9' title="bbox 0 0 1484 4868">
    <p class='ocr_par' dir='ltr' id='par_1_10' title="bbox 0 0 1484 4868">
     <span class='ocr_line' id='line_1_37' title="bbox 0 0 1484 4868; baseline 0 0"><span class='ocrx_word' id='word_1_313' title='bbox 0 0 1484 4868; x_wconf 95' lang='lat' dir='ltr'> </span> 
     </span>
    </p>
   </div>
  </div>
 </body>
</html>
