2958 4868
284 435 348 499 118
787 437 897 492 Frltsoh

280 617 426 696 tempore
447 607 620 689 evanesoit,
644 629 706 692 qno
728 607 832 690 qualis
853 609 965 691 lingua
985 607 1080 674 fuerit
1102 608 1319 674 monumentis
1338 613 1394 672 tra

282 709 384 774 ditum
407 715 471 782 est,
492 707 527 772 id
549 707 634 790 quod
657 707 777 790 optime
797 705 994 790 intellegitur
1015 725 1056 772 ex
1077 705 1187 780 formis
1208 705 1274 770 illis
1295 705 1328 770 in
1349 724 1393 770 eo

281 805 357 873 dem
378 807 471 872 titulo
485 805 628 888 seriptis:
650 809 837 888 Πριανσιές
852 809 885 869 et
900 807 1113 888 Πριανσιέες.
1156 805 1282 881 Tamen
1304 803 1391 884 vulgo

281 899 488 984 oontenduirt,
512 903 608 968 etiam
630 902 822 985 pronomina
843 897 937 982 ἁμές,
959 896 1041 982 ὑμές
1056 919 1097 967 ex
1118 896 1254 982 *ἆμέες
1277 893 1391 981 *ὑμέες

280 1007 426 1084 correpta
447 1019 527 1072 esse,
550 1000 600 1065 oui
622 1000 800 1066 sententiae
822 999 971 1064 assentiri
992 1017 1058 1064 non
1079 1017 1220 1082 possum.
1259 997 1350 1075 Nam,
1363 1005 1392 1062 ut

276 1099 346 1183 jam
374 1098 525 1181 exposui,
561 1097 643 1163 haee
672 1097 884 1181 hyphaeresis
911 1115 983 1160 raro
1010 1093 1045 1160 fit
1073 1104 1105 1161 et
1131 1095 1165 1160 in
1187 1097 1250 1160 bae
1270 1097 1323 1162 uel
1342 1096 1391 1161 ille

280 1201 373 1280 parte
396 1194 525 1260 dialecti
553 1193 696 1278 dorieae3
732 1193 766 1258 in
790 1188 889 1275 ἁμές,
915 1187 997 1274 ἄμές
1023 1199 1129 1258 autem
1153 1193 1223 1285 jam
1251 1194 1294 1258 ab
1320 1195 1392 1259 anti·

224 1329 237 1354 .
281 1293 433 1376 quissimo
455 1299 599 1376 tempore
621 1299 653 1358 et
673 1293 707 1356 in
730 1292 877 1358 omnibus
905 1292 1051 1374 partibus
1080 1290 1210 1356 dialecti
1234 1290 1390 1358 donoaos
1478 1357 1479 1360 ,

282 1391 364 1456 elisa
379 1409 449 1456 esse
464 1389 640 1455 existimari
655 1390 808 1472 debebat3
831 1409 987 1472 nusquam
1004 1388 1089 1454 enim
1104 1387 1265 1472 pleniores
1279 1389 1391 1454 formae

152 1541 154 1548 ,
281 1483 424 1568 *ἆμέες,
462 1483 585 1568 *ὑμέες
612 1487 771 1570 leguntur.
815 1487 858 1550 At
886 1485 1003 1552 dixerit
1024 1486 1182 1569 quispiam
1209 1486 1392 1568 pronomina

281 1585 376 1650 faoile
403 1583 557 1666 majorem
586 1585 835 1650 deminutionem
866 1585 934 1668 pati
962 1603 1058 1666 quam
1087 1583 1169 1648 alias
1191 1586 1302 1649 voees!
1344 1585 1391 1649 At·

281 1689 389 1746 tamen
410 1681 492 1746 salso
521 1683 647 1764 ponitur
675 1678 774 1763 ἁμές,
802 1675 885 1763 ὗμές
912 1687 1058 1763 oorrepta
1079 1701 1168 1763 esse,
1204 1701 1275 1746 oum
1304 1682 1390 1746 etiarn

280 1780 399 1844 Aeoles
420 1778 618 1845 brevioribus
639 1779 748 1846 formis
770 1777 894 1862 ἄμμες,
917 1774 1023 1860 ἄμμες
1045 1785 1189 1858 utantur,
1220 1779 1255 1844 in
1276 1780 1390 1844 aeolica

281 1883 388 1958 autem
411 1874 549 1940 dialeeto
571 1897 733 1959 nunqnam
755 1879 851 1943 ullius
874 1877 961 1942 voois
983 1883 1128 1944 extrema
1152 1877 1281 1960 syllaba
1308 1876 1391 1941 ooni-

281 1974 395 2057 piatur.
453 1973 567 2055 ltaque
595 1974 790 2040 Sohleioheri
822 1975 1029 2056 sententiam,
1066 1974 1120 2056 qui
1157 1972 1304 2058 (Gomp.²
1325 1976 1389 2042 653)
1474 2056 1475 2066 ἵ

281 2070 378 2136 etiarn
407 2065 532 2151 ἄμμες,
567 2066 674 2152 ἄμμες
702 2077 849 2156 eorrepta
876 2091 947 2138 esse
974 2071 1154 2153 contendit,
1192 2073 1389 2156 comprobare
1474 2073 1475 2159 s

280 2188 347 2232 non
382 2185 521 2250 possum.
566 2167 699 2234 Aeeedit
733 2169 817 2250 quod
845 2171 879 2234 in
909 2170 1046 2236 dialeoto
1073 2169 1180 2235 ionioa
1212 2171 1304 2236 nulla
1333 2170 1389 2234 elin

281 2265 384 2330 forma
405 2264 467 2328 nisi
485 2258 592 2348 ἡμεῖς,
616 2260 711 2347 ὑμεῖς
733 2267 906 2350 reperitur3
929 2287 991 2350 quo
1006 2267 1102 2332 modo
1116 2273 1223 2332 autem
1240 2267 1388 2352 explicare

280 2368 345 2444 vis,
374 2367 473 2432 Iones·
492 2381 618 2448 semper
639 2363 777 2446 priscam
799 2365 932 2429 formem
954 2385 1115 2447 servasse,
1142 2367 1262 2432 Aeoles
1282 2373 1387 2438 antero,

281 2466 335 2548 qui
357 2483 423 2530 non
444 2463 547 2545 magis
568 2461 800 2544 eorreptionem
822 2461 1019 2546 syllabarum
1041 2463 1182 2528 finalium
1203 2465 1388 2548 amplectun-

280 2569 332 2628 tur
354 2562 572 2645 quamlones,
594 2577 727 2642 semper·
742 2579 813 2624 eam
835 2558 1053 2626 deminuisse?
1087 2559 1150 2625 Our
1171 2573 1282 2646 σφεῖς,
1305 2577 1387 2642 quan

280 2679 392 2726 veram
413 2659 547 2723 formam
570 2656 709 2721 dorioam
732 2662 764 2720 et
778 2657 932 2722 aeolieam
948 2675 1020 2723 esse
1034 2658 1224 2741 Apollonius
1246 2659 1287 2724 de
1308 2677 1386 2741 prou.

284 2761 344 2822 120
366 2755 473 2836 tradit,
501 2775 566 2820 non
587 2753 622 2817 in
645 2751 733 2838 σφές
754 2753 944 2835 oorripitur‘i
986 2757 1068 2820 Tum
1090 2776 1155 2820 non
1177 2757 1279 2820 solnm
1300 2753 1387 2820 nomi·

281 2855 419 2934 nativus,
443 2851 500 2917 sed
523 2851 620 2916 etiam
644 2849 770 2932 dativus
785 2858 817 2915 et
837 2853 1038 2918 aecusativus
1059 2854 1094 2917 in
1116 2853 1263 2919 dialeotis
1283 2853 1385 2928 ionius,

282 2951 406 3029 dorioa,
441 2949 565 3013 aeolioa
593 2965 722 3030 prorsus
750 2947 868 3014 diversi
889 2955 971 3014 sunt.
1014 2951 1066 3015 An
1087 2969 1275 3034 persuasum
1298 2949 1385 3014 habes

282 3049 378 3114 etiam
391 3041 466 3128 ἆμὲ,
489 3041 562 3127 ὑμέ,
585 3042 683 3126 ἄμμε,
706 3041 792 3126 ἄμμε
809 3065 849 3112 ex
871 3041 1026 3128 *ἁμέ-ας,
1041 3043 1215 3128 *ἄμμέ-ας
1229 3054 1298 3125 eat„
1313 3039 1384 3126 ἁμΐε

283 3166 325 3212 en
346 3138 434 3225 ἄμῖν,
458 3140 562 3225 ἄμμιν
584 3142 637 3206 vol
660 3137 745 3222 ἄμμι
767 3163 807 3208 ex
830 3139 931 3224 ἄμμῖν
953 3151 1099 3227 correpta
1120 3145 1215 3210 esse?
1246 3144 1309 3212 Sed
1325 3143 1383 3225 jam

283 3243 389 3323 vides,
413 3241 522 3320 nobis,
545 3240 572 3304 si
595 3239 636 3303 de
657 3239 707 3304 his
728 3241 837 3306 formis
858 3247 944 3306 reete
961 3241 1108 3324 judicare
1129 3243 1287 3325 oupimus,
1310 3241 1382 3324 prius

284 3341 324 3406 de
346 3338 468 3420 origine
491 3343 522 3402 et
537 3336 687 3402 universa
700 3336 888 3402 formatione
910 3339 1043 3420 pluralis
1057 3340 1181 3405 numeri
1202 3333 1381 3423 pronominis

282 3435 461 3521 personalis
476 3432 636 3517 agendum
651 3453 731 3509 esse,
755 3441 787 3499 et
801 3433 936 3518 primum
951 3436 1078 3527 quidem
1094 3437 1297 3520 inquiramus,
1318 3427 1381 3516 quid

284 3534 344 3598 viri
367 3532 449 3597 doeti
473 3532 514 3597 de
537 3534 597 3596 hae
615 3549 651 3595 re
674 3531 915 3612 disputaverint.

369 3726 461 3808 Bopp
496 3725 580 3807 (Vgl.
604 3723 683 3789 Gra
703 3725 750 3806 ΙΙ,
777 3729 848 3804 110)
881 3747 1003 3792 summo
1027 3728 1101 3810 jure
1128 3734 1256 3793 revocat
1288 3720 1378 3810 ἡμεῖς,

287 3820 403 3904 ἄμμες,
420 3817 503 3902 ἁμές
518 3821 560 3885 ad
576 3823 706 3906 stirpem
723 3829 842 3905 *(111ηᾶ
858 3819 964 3907 ὑμεῖς,
980 3822 1095 3907 ἄμμες,
1111 3819 1194 3906 ἄμὲς
1204 3824 1246 3889 ad
1260 3822 1377 3906 *jusmo-

286 3921 336 3985 Ab
372 3919 424 3983 his
460 3918 610 4001 stirpibus
648 3921 776 3987 deduoit
811 3941 943 4003 graecas
981 3922 1099 3988 formas
1135 3921 1249 4005 triplici
1281 3911 1378 3992 model

188 4023 192 4032 '
284 4022 376 4102 putat
396 4013 498 4081 enim:
