2958 4868
368 447 410 502 De
427 446 561 502 vocalium
578 459 736 516 maenarum
754 445 921 518 hyphaeresi.
1145 441 1204 506 123

93 627 152 702 est,
185 619 244 686 sed
259 617 263 625 ’
276 618 383 703 potius
413 618 498 684 hano
529 618 685 685 rationem
713 607 731 684 e
759 619 884 701 vulgari
913 618 1024 702 lingue
1051 619 1204 685 aseivisse

91 717 214 784 ridetur
236 714 289 801 (ei.
312 715 389 781 Ahr.
412 715 455 798 ΙΙ,
479 713 572 800 260),
602 721 669 780 tum
691 715 881 824 Apollpnius
904 717 957 825 ide
979 737 1069 800 pron.
1094 719 1153 782 123
1176 716 1203 780 Β
1229 727 1234 748 ·

92 841 121 901 et
144 837 204 899 124
226 835 265 908 Β)
287 839 431 916 testatur,
454 834 557 899 Dores
579 851 705 916 semper
727 827 831 916 ἁμῖν,
853 826 947 916 ὑμῖν
969 833 1202 918 pronuntiasse.

91 931 166 998 Cum
200 937 306 998 antem
339 931 528 996 Theocritus
562 954 605 995 ιν.
625 925 880 997 terminationem
913 931 1047 1016 pluralis
1079 929 1202 996 numeri

89 1030 181 1095 modo
203 1027 369 1114 producat,
395 1027 490 1094 modo
513 1029 677 1112 corripiat,
701 1039 765 1093 non
787 1029 899 1094 mirum
923 1034 986 1110 est,
1010 1027 1095 1112 quod
1117 1027 1203 1094 idem

90 1127 181 1193 etiam
205 1132 256 1193 τίν
279 1125 441 1210 producit,
469 1125 552 1210 quod
575 1145 614 1192 eu
635 1130 743 1192 aetate
764 1126 973 1193 Doriensibus
995 1147 1059 1192 non
1077 1125 1147 1209 jem
1168 1126 1203 1192 in

89 1245 144 1291 usu
165 1223 265 1291 inisse
286 1223 421 1289 videtur.

169 1323 207 1386 In
232 1320 378 1387 omnibus
400 1321 505 1386 adhue
527 1319 635 1385 allatis
656 1318 774 1400 formis,
801 1320 835 1385 in
857 1321 971 1404 quibus
993 1321 1202 1406 hyphaeresis

89 1417 168 1483 senta
189 1423 254 1499 est,
278 1437 404 1502 semper
425 1418 546 1483 rooalis
568 1424 655 1487 ante.
665 1417 809 1482 venalem
832 1418 936 1502 posita
959 1419 1101 1504 eliditur,
1130 1423 1203 1504 post

89 1515 229 1582 rooelem
252 1521 358 1581 antem
379 1535 541 1596 nunquam
564 1515 632 1580 ulla
653 1515 773 1606 vocalis
796 1515 919 1598 ejicitur
940 1516 1000 1582 nisi
1022 1523 1094 1600 post
1115 1541 1127 1581 ι
1149 1517 1202 1584 vel

90 1637 116 1695 a,
139 1633 202 1696 qua
225 1613 267 1679 de
288 1631 322 1678 re
344 1613 377 1677 in
400 1613 501 1678 altero
531 1613 636 1695 eapite
656 1630 798 1694 agemus.
842 1612 913 1678 Nisi
935 1613 996 1678 hao
1018 1613 1108 1696 quasi
1130 1613 1203 1696 lego

89 1709 245 1777 Ahrensio
267 1710 416 1776 assentiri
438 1729 503 1775 non
524 1717 707 1793 possumus,
731 1709 784 1792 qui
807 1708 850 1782 (d.
873 1709 904 1774 d.
927 1712 968 1793 II,
995 1715 1066 1787 174)
1091 1709 1202 1788 Φυκός

90 1825 106 1870 e
139 1805 271 1884 Φυκόες
304 1814 335 1873 et
369 1808 423 1886 (ib.
449 1810 520 1885 194)
553 1804 689 1883 Σελινός
718 1827 736 1872 e
764 1805 919 1884 Σελινόες
955 1814 1101 1890 correpte
1132 1827 1203 1874 esse

90 1905 256 1971 existimat.
292 1905 420 1971 Reotius
438 1902 549 1980 Φυκός
572 1910 603 1970 ot
617 1902 754 1982 Σελινός
771 1904 814 1970 ad
831 1909 969 1982 Φυκωνς
991 1911 1024 1970 et
1038 1905 1202 1982 Σελινωνς

89 2001 233 2068 videntur
261 1993 443 2068 revoeanda
471 2021 552 2068 osse.
596 2003 679 2068 Nam
707 2003 831 2088 priseae
859 2001 979 2068 formae
1008 2003 1119 2067 horum
1147 2023 1203 2068 no·
1332 2001 1334 2008 ’

90 2099 205 2165 minum
217 2105 292 2166 sunt
306 2105 559 2178 *Φυκο-πεντ-ς,
572 2099 847 2178 *Eetion-reson,
860 2120 878 2165 e
891 2101 1004 2182 quibus
1017 2100 1203 2166 derivantur

90 2201 281 2276 *Φυκο-ενς,
304 2197 512 2274 *Seiano-eve
533 2203 564 2263 et
579 2221 615 2262 os
630 2198 664 2263 in
681 2221 706 2262 ω
722 2199 902 2279 contractis,
925 2199 1007 2262 utin
1023 2195 1202 2284 ἄμπελωρ·
1270 2277 1276 2288 ¹

90 2291 161 2376 γικά
182 2315 242 2378 pro
263 2290 541 2377 ἅμπελο-εργικά,
563 2293 727 2382 λωὲήριον
746 2315 803 2378 pro
818 2292 1002 2382 λοετήριον,
1025 2295 1201 2380 πρώγγυος

89 2411 141 2474 pro
162 2396 351 2476 προέγγυος
373 2392 423 2465 (of.
445 2391 574 2458 Meister
596 2392 685 2458 stud.
708 2393 761 2470 IV,
785 2395 868 2474 394),
892 2398 1066 2471 *Φυκωνς,
1090 2393 1202 2459 *Σελι-

90 2511 177 2567 νωνς.
223 2491 307 2554 Ante
330 2488 474 2574 duplices
496 2495 602 2554 autem
625 2509 782 2556 consonas
810 2513 846 2566 νς
875 2491 927 2555 vei
956 2513 993 2554 ντ
1015 2491 1201 2572 saepissime

89 2585 212 2652 vooales
235 2586 462 2670 corripiuntur,
485 2588 574 2652 utin
598 2585 746 2673 δήμοτᾶς
773 2608 830 2672 pro
855 2579 1023 2673 δημότᾶνς
1046 2584 1099 2671 (of.
1124 2588 1199 2653 Ahr.

90 2681 126 2762 ΙΙ,
151 2687 227 2764 172,
258 2676 342 2748 Ou'rt.
367 2683 456 2749 stud.
479 2685 537 2766 ΙΙΙ,
561 2684 652 2768 385),
686 2684 719 2748 in
742 2683 801 2762 ἵεν,
830 2689 938 2761 τίθεν,
970 2682 1074 2762 δίδον,
1104 2683 1199 2771 imus,

90 2777 164 2861 Ιβᾶν
176 2787 237 2846 eet.
250 2801 307 2864 pro
319 2779 425 2868 *ipsa
436 2779 584 2867 *τιθηνῃ
597 2781 746 2860 *oriona
759 2779 892 2868 *ἒφᾶντ,
909 2780 1037 2864 *spinea
1056 2781 1089 2846 iu
1103 2779 1201 2866 ἐτρά-

90 2899 157 2960 φεν,
168 2882 276 2962 μίγεν,
290 2874 465 2964 κόσμηθεν
480 2887 539 2944 oet.
554 2900 611 2962 pro
622 2877 818 2965 *irpuppva
830 2877 974 2966 *μιγηντ,
988 2877 1202 2966 *κοσμηθηντ

89 2972 403 3058 (conburitur,
440 2976 549 3042 Gerth.
579 2976 713 3060 ‚,Stud.“
735 2977 766 3057 Ι,
791 2981 825 3056 2,
859 2980 948 3058 257),
985 2976 1030 3041 sio
1057 2977 1153 3041 etiam
1183 2995 1201 3043 e

92 3069 257 3150 *Φ-υκωνς,
273 3072 576 3150 *ΣελινωνςΙηοΙιΙΠΙ
588 3081 636 3140 est
647 3073 806 3150 *Oenotro
815 3072 1069 3150 *Rhoeteium
1079 3072 1200 3154 Φυκὸς,

91 3169 232 3247 Σελινός.
275 3170 398 3238 Eodem
420 3171 514 3236 modo
536 3168 696 3236 Ὀλόντιοι
720 3171 768 3241 tot.
792 3171 929 3255 Heytde
951 3171 1026 3235 dial.
1050 3177 1124 3236 oret.
1149 3175 1200 3250 24)

90 3285 213 3333 nonex
232 3263 421 3346 Ὀλοέντιοι,
444 3269 502 3334 sed
525 3289 565 3334 ex
584 3267 762 3347 Ὀλώντιοι,
787 3267 969 3353 ὁαμιοργός
991 3287 1031 3333 ex
1054 3267 1226 3352 δαμιωρ-’

91 3361 144 3444 γός
177 3365 347 3441 (et'Allsn
369 3365 506 3447 „Studf‘
525 3361 594 3448 ΙΙΙ,
624 3370 696 3444 238)
725 3373 870 3449 correpta
891 3373 972 3430 sunt.
1015 3365 1137 3430 Eadem
1161 3385 1201 3431 ex

91 3459 157 3542 lege
186 3463 282 3528 etiam
316 3464 435 3545 eluoet,
468 3463 608 3529 Curtium
646 3463 792 3545 („Stud.“
814 3464 871 3542 ΙΙΙ,
896 3467 969 3539 383)
1005 3467 1090 3528 reete
1117 3465 1199 3529 aeol.

93 3555 245 3639 οἴκεντος,
269 3559 432 3648 ἐ’ρρεντος,
454 3561 560 3626 arcad.
583 3558 756 3644 ἆόίκεντα,
786 3561 960 3642 §aptarem
982 3567 1040 3624 oet.
1063 3558 1105 3624 ad
1128 3559 1202 3625 *οἴ-

93 3677 221 3740 κηντος,
249 3656 431 3745 *ἕρρηντος
454 3667 511 3724 oet.
541 3679 723 3741 revocasse,
753 3679 827 3723 nam
850 3659 891 3722 ab
920 3656 1090 3736 οἰκέοντος
1111 3660 1200 3726 nullo

93 3753 180 3818 modo
202 3754 340 3821 derivari
361 3762 467 3839 potest
489 3755 648 3833 οἴκεντος.
686 3759 766 3821 Tum
787 3757 821 3820 in
844 3756 967 3822 oretiois
988 3756 1096 3822 formis
1120 3781 1201 3840 κρα-

93 3847 216 3930 τόντες,
255 3851 389 3937 prtem
417 3859 475 3918 ont.
508 3874 566 3937 pro
594 3859 804 3938 κρατέοντες,
843 3853 994 3940 φιλέοντι
1025 3877 1039 3919 ε
1069 3856 1199 3937 vestalis,

95 3946 211 4014 etiamsi
232 3951 266 4014 in
288 3950 338 4016 his
359 3949 467 4016 formis
489 3951 575 4034 prior
596 3951 716 4016 voeatis
739 3957 802 4031 est,
826 3971 891 4016 non
913 3955 961 4016 est
983 3951 1076 4034 elisa,
1101 3952 1159 4017 sed
1181 3975 1199 4016 o

96 4049 140 4107 est
165 4054 308 4130 correpta
336 4067 376 4113 ex
406 4071 448 4129 ω,
478 4048 563 4130 quod
588 4048 823 4113 aoouratissime
847 4047 1055 4115 demonstrari
1086 4054 1227 4132 potest.¹
