2958 4868
272 375 332 436 100
776 375 887 431 Fritscb

269 549 455 634 praeferunt
477 549 572 616 etiam
596 547 772 614 Buttmann
794 555 826 615 et
846 549 979 614 Lobeck
1002 549 1049 629 (P.
1070 550 1120 614 El.
1143 548 1167 630 Ι,
1192 552 1277 631 232),
1303 569 1394 632 quam

269 647 416 714 refellere
444 668 509 712 non
531 666 637 713 meum
659 665 732 712 esse
759 653 848 730 puto.
904 647 1011 711 Aliam
1038 647 1125 712 viam
1154 647 1321 730 ingressus
1351 653 1395 713 est

203 779 206 788 ⁴
269 745 453 828 Hoffmann,
476 745 530 828 qui
546 746 686 823 (Quaest.
701 743 787 808 bom.
803 745 829 823 I,
843 747 894 822 86)
917 744 1038 825 statuit,
1061 745 1179 828 ubique
1200 746 1315 810 barum
1338 745 1395 810 lor·

268 863 392 909 marum
419 845 564 908 vocalem
593 841 722 908 finalem
751 860 822 907 esse
852 842 1041 926 ancipitem,
1080 842 1138 907 sed
1166 843 1237 924 quis
1266 849 1316 909 est
1346 842 1395 925 qui

152 969 156 980 ·
269 943 421 1024 analogia
444 940 651 1023 demonstret,
674 938 742 1004 fieri
765 959 876 1022 posse,
899 941 990 1004 utin
1013 939 1150 1005 dialecto
1173 942 1265 1023 epica
1288 965 1310 1004 α
1328 940 1395 1024 jam

269 1040 311 1106 sit
332 1046 478 1123 correpta
499 1045 534 1102 ut
555 1038 589 1102 in
611 1037 701 1120 γέρᾶ,
731 1036 766 1100 in
789 1036 927 1102 dialecto
949 1037 1047 1102 attica
1067 1043 1176 1103 autem
1199 1038 1306 1104 denuo
1327 1059 1396 1121 pro·

270 1137 367 1203 dueta
396 1135 449 1220 (cf.
478 1139 564 1220 γέρᾶ
588 1134 687 1217 Soph.
710 1133 759 1198 El.
783 1138 862 1217 443,
900 1137 976 1200 Eur.
998 1135 1119 1201 Phoeu.
1144 1133 1246 1218 874)‘?
1290 1135 1395 1214 Quid?

269 1235 355 1302 Num
370 1233 457 1300 credi
472 1239 588 1317 potest,
605 1231 735 1298 eosdem
750 1239 863 1317 poetes
878 1252 953 1298 usos
965 1251 1036 1298 esse
1052 1233 1102 1298 his
1117 1233 1242 1299 formis:
1265 1231 1395 1318 *κρέαα

270 1333 323 1418 (cf.
339 1338 443 1416 Ιτέραα
466 1328 593 1414 μ394),
617 1332 701 1413 κρέα
716 1350 743 1396 θ.
759 1351 790 1413 g.
812 1335 845 1395 Δ
858 1335 930 1412 345,
954 1329 1046 1412 κρέᾶ,
1070 1327 1155 1414 κρέ),
1180 1350 1262 1413 quae
1285 1350 1394 1396 omnes

269 1451 311 1497 ex
333 1429 446 1496 eodem
461 1432 571 1514 ‘aptae
593 1434 682 1492 ortae
704 1427 791 1494 sint?
836 1427 983 1494 Ceterum
1008 1427 1078 1511 ipse
1100 1429 1275 1494 Hoffmann
1298 1429 1396 1512 suspi-

269 1535 368 1610 catur,
402 1528 462 1593 has
484 1525 602 1591 formas
628 1525 693 1590 alio
716 1526 812 1591 modo
835 1526 1046 1610 explicandas
1069 1545 1156 1607 esse,
1189 1532 1283 1609 putat
1313 1527 1412 1594 enim.

270 1632 353 1710 κρέα
375 1625 512 1691 fortasse
534 1630 636 1688 ortum
659 1643 811 1690 essenon
827 1644 867 1690 ex
889 1622 1031 1707 *κρέαα
1057 1624 1114 1689 sed
1130 1643 1171 1689 ex
1185 1621 1321 1706 *κρέεα,
1346 1624 1397 1689 de-

269 1724 396 1788 bilitata
410 1723 518 1788 littera
533 1744 554 1784 α
569 1721 694 1804 priore3
717 1721 778 1787 boc
793 1721 941 1788 concludi
962 1742 1058 1806 posse
1074 1741 1115 1786 ex
1130 1729 1263 1806 κρειῶν,
1287 1744 1396 1806 quam·

270 1841 366 1905 quam
394 1819 446 1885 hic
468 1819 637 1902 genetivus
666 1826 698 1884 et
725 1819 796 1902 ipse
824 1821 926 1904 possit
954 1820 1027 1885 oriri
1050 1839 1090 1885 ex
1118 1819 1291 1903 producta,
1327 1827 1396 1904 post

269 1917 408 2002 ejectam
430 1918 570 1983 litteram
594 1941 625 1992 α,
648 1917 754 1981 vocali
776 1941 792 1982 ε
815 1918 964 2002 syllabae
986 1917 1111 2002 prioris.
1156 1917 1255 1983 Vides
1278 1918 1315 1982 in
1336 1938 1396 2000 qua
1469 1989 1470 2006 ,

271 2015 474 2082 dubitatione
500 2015 585 2098 ipse*
600 2013 775 2079 Hoffmann
802 2021 956 2098 versetur,
989 2017 1098 2098 itaque
1126 2016 1181 2080 vix
1209 2016 1291 2080 mibi
1319 2035 1395 2098 opus
1469 2009 1470 2038 *

269 2120 335 2194 est,
370 2113 439 2196 ejus
468 2111 654 2196 opinionem
681 2113 860 2180 accuratius
889 2114 1046 2180 refellere.
1098 2113 1164 2179 Sed
1186 2112 1268 2179 haee
1289 2120 1394 2178 tamen

270 2229 432 2294 opponere
446 2209 525 2274 mihi
547 2209 659 2274 liceat:
682 2210 865 2291 genetivum
882 2217 1002 2298 κρειῶν
1018 2233 1083 2276 non
1100 2231 1140 2277 ex
1155 2209 1318 2294 *κρεεωκ
1341 2209 1394 2276 sed

270 2327 311 2374 ex
326 2306 506 2390 *κρε-ι-ων
521 2328 579 2390 pro
596 2307 817 2391 κρεκ-ρασ-ων
834 2309 1006 2376 deductum
1023 2329 1094 2376 esse
1104 2310 1175 2393 jam
1190 2309 1394 2390 sagacissime

269 2408 522 2472 demonstratum
545 2412 594 2471 est
616 2405 669 2490 (cl.
693 2407 858 2491 „(t1·dz.“³
876 2411 945 2486 147,
969 2406 1097 2490 Brugm.
1117 2406 1207 2474 Stud.
1230 2407 1287 2487 IV,
1307 2405 1391 2488 153);

268 2512 336 2570 tum
357 2523 521 2586 nunquam
543 2504 576 2568 in
599 2505 769 2571 homericis
790 2505 985 2570 carminibus
1007 2527 1028 2567 α
1050 2505 1159 2570 littera
1181 2505 1269 2570 vocis
1298 2510 1392 2589 κρέας

269 2603 303 2668 in
332 2607 521 2683 emulatur,
554 2602 613 2668 sed
640 2623 768 2686 semper
795 2627 816 2666 α
844 2603 878 2667 in
907 2603 1054 2668 omnibus
1082 2602 1266 2668 nominibus
1294 2602 1329 2666 in
1356 2623 1391 2677 ας

269 2706 427 2781 servatur,
450 2699 552 2765 babes
568 2699 654 2765 enim
677 2701 736 2766 bas
751 2701 1009 2766 terminationes:
1033 2723 1104 2776 αας,
1127 2714 1165 2764 αϊ
1179 2700 1232 2765 vel
1248 2723 1295 2777 αι,
1319 2723 1389 2778 nov,

271 2818 353 2862 ασσι
375 2797 428 2862 vel
452 2819 560 2862 αεσσι.
612 2798 649 2862 In
674 2797 813 2864 dialecto
835 2798 1017 2864 neo-ionica
1039 2797 1167 2862 demum
1190 2821 1212 2860 α
1235 2799 1389 2862 nominum

242 2885 244 2889 ¹
270 2900 382 2980 κέρας,
406 2898 515 2978 τέρας,
538 2899 640 2978 γέρας
661 2896 695 2960 in
719 2920 734 2960 ε
758 2902 964 2962 extenuatam
988 2914 1059 2962 esse
1082 2893 1219 2960 Bredow
1242 2895 1298 2973 (de
1320 2895 1389 2960 dial.

270 2991 415 3058 herodot.
439 2994 513 3068 259)
541 2989 648 3074 docet,
677 2993 711 3056 iu
733 2991 874 3079 γήραος,
903 2991 1005 3080 γήραι
1033 2999 1142 3058 autem
1170 2999 1202 3057 et
1222 2992 1258 3057 iu
1282 2998 1388 3076 κρέως,
1468 3037 1469 3048 3

271 3095 379 3175 κρεῶν
408 3109 449 3154 ex
476 3093 612 3172 κρέαος,
642 3087 774 3173 κρεάων
803 3091 974 3156 contractis
997 3115 1018 3154 α
1040 3089 1074 3154 in
1100 3089 1161 3155 bac
1183 3110 1312 3172 quoque
1333 3090 1389 3154 dia·
1468 3169 1469 3174 ἵ

269 3187 352 3254 lecto
381 3192 551 3252 servatam.
611 3185 749 3253 Defeudi
778 3188 874 3272 igitur
908 3189 998 3254 nullo
1026 3185 1122 3252 modo
1155 3193 1280 3271 potest,
1314 3184 1389 3270 quod
1468 3189 1469 3264 t

270 3285 443 3351 Hoffmann
466 3283 509 3349 ad
537 3284 597 3349 has
626 3283 745 3350 formas
771 3286 982 3368 explicandas
1010 3285 1152 3368 protulit.
1198 3285 1274 3350 Non
1297 3283 1388 3367 magis

270 3383 377 3466 placet
399 3380 565 3448 Kuebneri
588 3383 747 3447 sententia
769 3383 835 3460 (Gr.
859 3383 936 3449 Gr.²
958 3405 989 3467 p.
1014 3385 1086 3464 336,
1110 3385 1155 3464 3),
1187 3379 1293 3464 ὃέπᾶ,
1319 3379 1389 3468 κρέῖκ
1468 3373 1469 3431 l

270 3482 405 3548 elisione
441 3479 563 3545 vocalis
596 3503 618 3543 α
648 3498 720 3545 esse
756 3487 825 3545 orta
858 3500 898 3546 ex
936 3480 1062 3560 ὀέπαα,
1101 3483 1220 3564 κρέαα;
1258 3501 1322 3563 qua
1356 3495 1388 3542 er

214 3588 217 3593 '
271 3579 422 3664 opinione
443 3579 478 3643 in
501 3573 574 3660 κρέ’
599 3601 644 3640 αα
667 3577 821 3644 decussae
844 3598 915 3644 esse
938 3577 1067 3643 debent.
1103 3578 1216 3660 Itaque
1237 3577 1387 3659 inquiren·

272 3675 347 3741 dum
371 3683 428 3756 est,
451 3696 527 3740 num
542 3674 664 3740 formae
686 3677 776 3759 γέρᾶ,
802 3675 892 3760 κρέα,
916 3673 1027 3741 csend
1049 3674 1113 3739 alio
1130 3673 1227 3740 modo
1243 3668 1386 3758 explicari

271 3773 406 3857 possint.
448 3773 644 3856 Incipiamus
664 3794 685 3838 a
706 3772 797 3854 κρέᾶ.
840 3773 913 3838 Jam
936 3793 1034 3856 supra
1054 3771 1203 3854 vidimus,
1227 3771 1337 3854 stirpes
1356 3767 1384 3830 iu

272 3893 311 3948 ος
334 3877 488 3936 exeuntes
511 3890 608 3954 saepe
630 3873 792 3936 alternare
815 3891 885 3936 cum
909 3871 1061 3954 stirpibus
1082 3870 1116 3934 in
1139 3880 1174 3952 o,
1199 3869 1285 3934 idem
1306 3865 1337 3932 fit
1355 3865 1383 3928 in

271 3968 494 4035 nominibusin
503 3992 552 4045 ας.
568 3958 1382 4052 Namcompositanpro-aorreiv(Aescb.Prom.463),
