2958 4868
313 443 373 517 1'38
523 457 646 514 Fritseh:
665 458 707 514 De
724 459 855 515 vocalium
872 475 1030 531 graecarum
1048 461 1217 554 hyppocresi.

391 639 426 698 ·1.
470 631 508 700 In
536 633 733 714 nominibus,
763 655 895 719 quorum
926 634 1042 720 stirpes
1070 635 1146 700 olim
1175 635 1209 700 iu
1231 659 1252 700 f
1267 634 1292 718 j
1312 655 1327 698 o
1347 649 1392 695 cor·

310 751 407 797 sonas
436 732 599 814 exierunt,
637 752 735 816 saepe
767 733 916 798 consonis
946 733 1033 799 elisis
1064 733 1194 798 vocales
1227 733 1329 816 stirpis
1352 747 1392 793 ror

310 830 542 896 contrahuntur
569 849 640 896 eum
673 830 839 896 vocalibus
863 831 1138 912 terminationum,
1172 828 1231 896 sed
1260 829 1393 905 eliduntur,

309 926 344 994 id
375 927 459 1010 quod
494 927 665 1012 praecipue
693 929 727 994 in
755 927 938 994 nominibus
965 928 999 994 in
1028 952 1133 1006 -ε-ες,
1168 951 1296 1006 -ο-ο-ς,
1321 944 1394 999 aaa

308 1023 506 1092 factumest.
1381 1091 1386 1106 ι

395 1126 425 1187 2.
470 1121 656 1190 Cavendum
679 1131 742 1204 est,
772 1144 814 1190 ne
841 1125 915 1190 huic
944 1125 1008 1208 legi
1037 1123 1175 1207 majores
1197 1121 1278 1189 tines
1301 1120 1395 1196 tribuas,

310 1239 381 1286 cum
404 1240 518 1305 saepe,
552 1228 586 1286 ut
613 1223 646 1286 in
676 1223 829 1306 correptis
858 1222 966 1287 formis
995 1223 1158 1288 nominum
1180 1221 1214 1286 in
1237 1245 1293 1302 ας,
1319 1219 1345 1282 in
1361 1213 1397 1280 ai-

309 1317 431 1384 verbiis
451 1319 484 1383 in
508 1343 529 1382 α
553 1305 647 1397 (ὦκα)
671 1327 730 1385 cet.
760 1319 922 1386 breviores
944 1317 1059 1404 stirpes
1081 1317 1272 1386 statuendae
1296 1318 1355 1384 sint.

396 1420 424 1480 3.
469 1417 507 1482 ln
535 1416 724 1499 quibusdam
753 1419 977 1502 pronominum
1000 1416 1108 1482 formis
1135 1413 1310 1502 (ἐμαυτοῦ)
1329 1428 1397 1494 saepe

309 1514 438 1580 vocales
460 1514 631 1580 eliduntur.

395 1617 424 1676 4.
454 1611 586 1680 'Eadem
609 1612 821 1698 hyphaercsis
842 1613 933 1678 initio
956 1612 1181 1678 nonnullorum
1204 1611 1397 1677 vocabulorum

308 1709 393 1776 iacta
415 1717 464 1776 est
492 1711 568 1788 (ion.
592 1706 694 1796 ὁρτή).

396 1797 428 1871 5.’
470 1809 511 1874 Et
537 1809 571 1872 in
600 1809 784 1893 compositis
812 1815 844 1875 et
865 1808 898 1872 in
922 1807 1103 1874 nominibus
1126 1807 1280 1874 derivatis
1301 1801 1396 1870 vocales

309 1903 455 1988 stirpium
477 1903 590 1973 finales
610 1913 686 1972 ante
708 1913 880 1990 sequentes
901 1907 1030 1972 vocales
1051 1906 1265 1991 exploduntur
1296 1901 1397 1987 (orcae
1450 1975 1451 1984 ἵ

308 1999 421 2089 ayo-e,
445 2000 585 2090 ἥό-ιον).
1374 2087 1386 2101 ..
1448 1989 1451 2007 ¹

395 2105 424 2169 6.
467 2103 570 2167 Dores
599 2103 633 2166 in
660 2101 816 2166 infinitivo
845 2101 1013 2166 verborum
1041 2102 1073 2166 in
1105 2125 1148 2166 εω
1177 2101 1308 2166 alteram
1328 2119 1340 2159 ε
1358 2109 1396 2172 eJt·
1449 2109 1450 2172 t

308 2200 410 2280 ciunt,
441 2200 599 2266 interdum
628 2199 725 2266 etiam
749 2201 781 2264 in
804 2201 968 2265 nominum
991 2206 1023 2264 et
1045 2199 1267 2282 pronominum
1291 2190 1396 2261 declina·

307 2296 395 2364 tione
424 2297 504 2363 duas
536 2299 665 2364 vocales
693 2319 757 2364 non
791 2297 996 2376 contrahunt,
1031 2297 1089 2364 sed
1121 2299 1257 2364 alteram
1289 2288 1395 2362 eliduuti
1449 2311 1450 2340 i

307 2396 520 2481 hyphaeresis
542 2403 647 2462 autem
671 2395 767 2462 statui
796 2416 859 2460 nou
888 2400 994 2478 potest
1016 2395 1049 2460 in
1072 2394 1310 2480 pronominibus
1328 2383 1394 2465 ἁμές,
1449 2381 1450 2396 ³

306 2487 678 2578 mmmmwm
1450 2519 1451 2583 t

392 2596 421 2658 7.
467 2593 645 2658 Neo-Iones
673 2611 777 2674 neque
805 2591 839 2656 in
867 2591 1030 2656 nominum
1059 2609 1164 2674 neque
1197 2589 1230 2654 in
1259 2585 1395 2652 vertum

308 2689 523 2756 declinatione
559 2691 738 2775 patiuntur,
776 2694 839 2754 tres
872 2688 1000 2754 vocales
1033 2687 1128 2754 duras
1165 2687 1325 2762 collidere,
1356 2667 1395 2738 sei
1449 2699 1454 2838 p

306 2807 432 2871 semper
454 2789 588 2854 alteram
618 2788 752 2871 ejiciunt
775 2784 945 2871 (φοβέαι),
979 2806 1074 2868 quam
1103 2785 1326 2868 eorreptionem
1345 2773 1395 2856 jam
1451 2848 1452 2873 χ

305 2884 337 2948 in
360 2885 530 2950 homericis
552 2885 746 2949 carminibus
768 2883 835 2949 fieri
858 2884 1001 2966 coepisse
1023 2884 1249 2950 intelleximus.

392 2985 421 3047 8.
466 2983 576 3048 Postu
605 2989 676 3047 etv
706 2980 893 3066 saepissime
922 2981 1050 3046 vocales
1085 2980 1253 3063 ejiciuntur
1286 2965 1396 3060 (uolui-
1452 2997 1453 3048 3

306 3077 428 3163 mm
