2972 4868
274 442 342 506 312
766 443 907 500 Fritaselre

278 617 437 684 usualium
466 625 571 683 autem
601 615 725 684 facilior
752 624 785 684 et
811 617 914 684 levior
941 617 1032 701 quasi
1060 616 1276 701 pronuntiatio
1305 636 1405 701 quam

278 714 481 799 liquidarum.
525 715 633 794 Quare
647 715 777 799 liuguae
791 715 968 782 musoritae
984 713 1140 781 dialeetus
1155 714 1297 798 vulgaris
1318 717 1406 798 (pra-

279 815 370 890 erita)
388 815 507 879 multas
522 811 679 897 ejusmodi
696 813 934 880 imminutiones
945 812 1079 897 praebet
1094 816 1140 890 (ut
1150 811 1405 878 daiuemi=sen

280 911 454 996 durerjtmt
475 918 541 978 tam
562 911 694 994 antiquo
721 917 866 995 tempme
892 917 994 976 ortum
1017 917 1053 975 ut
1075 910 1251 977 musoritae
1277 927 1406 993 quoque

278 1011 410 1092 linguae
424 1007 565 1075 radioem
582 1009 661 1093 duae
675 1039 718 1061 ε
733 1008 810 1093 dure
831 1008 1006 1075 tribuerent
1021 1007 1174 1074 Indorum
1189 1007 1404 1092 grammatici,

278 1129 310 1172 v.
327 1108 405 1174 Lex.
421 1105 490 1172 Pet.
511 1127 536 1172 s.
552 1107 621 1172 rad.
637 1105 726 1189 duro)
749 1113 781 1172 et
802 1105 874 1189 ipsa
896 1105 1008 1190 lingua
1029 1106 1203 1174 sanserita:
1225 1103 1404 1167 *ΙεονΙεοοιο

278 1203 434 1268 tantuma
456 1203 498 1288 (si
520 1210 607 1270 reete
628 1200 749 1286 κρόκος
770 1203 833 1270 bue
853 1201 988 1268 refertur
1009 1223 1031 1267 a
1052 1203 1144 1269 Beni.
1167 1202 1217 1268 W.
1242 1202 1285 1282 ΙΙ,
1315 1201 1401 1285 180).

280 1302 446 1370 Aeeedunt
468 1301 596 1368 dorieae
617 1299 737 1366 formae
759 1305 893 1382 βέντιος
914 1305 1090 1383 βέντιστος
1113 1305 1275 1387 φίντατος
1299 1286 1406 1384 alvear

281 1400 381 1466 ὀέντα
404 1405 499 1466 κέντο
523 1395 614 1483 (Ahr.
638 1397 705 1464 (lor.
731 1403 819 1478 110),
849 1399 964 1480 quibus
986 1397 1074 1464 addo
1095 1398 1244 1481 Βέλβινα
1268 1396 1405 1480 Spartae

281 1503 433 1581 Βέμβινα
455 1495 618 1580 Argelidis
640 1495 800 1581 vieum¹²).

365 1592 400 1679 4)
436 1594 501 1660 Sed
522 1593 606 1677 quod
636 1593 725 1660 liouit
747 1593 884 1678 praerite
906 1594 1049 1678 loquenti
1072 1613 1135 1658 non
1157 1593 1248 1658 lieuit
1271 1592 1402 1669 Graeeo,

281 1697 313 1758 et
333 1693 467 1758 multum
494 1691 627 1757 interest
655 1689 848 1757 diseriminis
873 1691 957 1757 inter
977 1692 1103 1774 glossas
1124 1692 1200 1757 illas
1223 1689 1351 1756 dorioas
1373 1697 1402 1756 et

281 1790 463 1856 universam
495 1790 639 1872 linguam
666 1808 826 1871 graeeam.
872 1787 1031 1854 Concedo.
1081 1791 1125 1854 At
1153 1809 1218 1854 non
1247 1789 1404 1856 oontendo

280 1907 440 1954 consonas
460 1886 599 1969 liquidas
617 1891 664 1951 tot
685 1886 829 1951 radiobm
853 1886 1088 1970 duplieatarum
1102 1889 1137 1952 in
1152 1888 1283 1954 nasales
1306 1896 1405 1952 nans·

281 1983 358 2051 iisse
390 1985 514 2050 ratione
547 1984 714 2049 vocabulis
747 1981 905 2067 πνεύμων
934 1982 1110 2067 πλεύμων,
1149 1989 1263 2068 νίτρον
1294 1985 1403 2068 λίτρον

281 2083 412 2166 reliquis
439 2080 613 2163 contraria,
647 2079 706 2147 sed
733 2101 806 2148 esse
833 2083 963 2149 nasales
989 2084 1156 2146 οοοιοοίοοο
1179 2084 1274 2168 quusi
1300 2101 1404 2145 aarum

281 2181 420 2262 oestiyio.
457 2180 484 2243 ll
506 2177 611 2244 radiae
631 2179 693 2242 rol.
716 2177 881 2263 duplieata
901 2179 1041 2244 τολ-τολ
1069 2187 1242 2264 antequam
1264 2179 1299 2245 id
1321 2180 1405 2246 fieret

271 2277 368 2361 ¹quod
389 2278 501 2360 lingua
522 2277 703 2342 sectabatur
723 2278 853 2358 το-ταλ,
876 2278 995 2343 laetum
1018 2286 1067 2344 est
1088 2279 1237 2360 rua-vui,
1263 2278 1311 2343 ita
1332 2277 1403 2343 uti

282 2395 425 2442 eonsona
446 2393 645 2442 evanescens
666 2375 861 2457 relinqueret
875 2393 947 2442 eum
965 2395 1078 2441 sonum
1100 2376 1330 2457 irrationalem,
1353 2375 1402 2458 qui

282 2473 430 2539 omnibus
451 2471 601 2538 consonis
623 2471 780 2538 durativis
803 2491 882 2554 quas
902 2491 1054 2548 vocamus
1072 2471 1187 2539 insitus
1210 2481 1267 2540 est.
1308 2472 1402 2552 Quem
1476 2541 1477 2550 ρ

282 2575 360 2654 puto
376 2569 512 2635 similem
527 2567 626 2634 luisse
637 2569 666 2634 ei
681 2589 776 2654 quem
789 2573 943 2632 uuurouru
954 2575 1072 2634 voeant
1083 2568 1236 2636 Indorum
1251 2590 1403 2654 gramnm

282 2668 337 2733 tiol
360 2661 584 2752 [obdormenti.
615 2666 769 2733 Similiter
783 2666 807 2750 j
820 2688 841 2731 ο
856 2691 877 2731 a
892 2686 1053 2732 consonae
1068 2685 1140 2732 eum
1163 2667 1217 2750 qui
1231 2669 1272 2734 iis
1295 2669 1402 2735 insitus
1476 2649 1477 2705 i

285 2773 334 2832 est
354 2765 500 2849 spiritum
522 2763 734 2846 reliquerunt:
757 2761 795 2841 ὅς
812 2795 852 2816 ==
867 2783 926 2830 sor.
936 2763 1018 2847 ju-s,
1043 2762 1106 2829 trr-
1120 2793 1163 2818 a·
1177 2784 1237 2830 sor.
1252 2764 1329 2849 ruli,
1352 2763 1401 2830 ἑο-

286 2893 327 2914 *
346 2879 405 2928 801¹·
429 2882 492 2926 vas.

371 2963 402 3038 5)
425 2958 499 3024 Non
521 2958 628 3025 obstat
649 2955 735 3042 quod
756 2957 834 3024 inde
849 2979 914 3024 non
930 2966 1102 3025 evaserunt
1123 2961 1246 3044 priores
1261 2962 1401 3046 syllabae

283 3054 474 3140 productae:
496 3055 662 3139 produotio
684 3056 770 3122 enim
785 3055 844 3121 luit
858 3062 1064 3139 augmentum
1087 3057 1173 3123 baud
1194 3058 1299 3125 levius
1315 3077 1402 3142 quan

285 3154 358 3238 ipsa
379 3153 501 3218 naualis
522 3149 566 3236 (v.
590 3151 743 3218 νιο-κύ-ιο
766 3152 887 3238 supra),
910 3155 1022 3237 lingua
1043 3160 1149 3219 autem
1171 3155 1203 3220 id
1226 3158 1402 3223 sectabatur
1474 3127 1475 3176 ¹

285 3257 320 3316 ut
347 3250 433 3334 prior
461 3249 590 3335 syllaba
618 3250 790 3316 levaretur.
840 3250 947 3330 Quare
980 3257 1053 3335 post
1080 3253 1256 3339 οἱμοολημι
1286 3273 1303 3321 e
1332 3253 1400 3318 πιλ-

283 3349 406 3431 πελ-μι
439 3344 514 3431 (ser.
541 3346 719 3432 pi-por-mo)
756 3348 888 3444 laetum⁴
907 3369 1006 3414 unum
1040 3350 1191 3415 remansit
1224 3350 1397 3436 fingendum
1473 3421 1474 3430 ρ

284 3436 448 3530 abaciam.
732 3491 734 3496 -

373 3542 407 3630 6)
419 3542 576 3608 Probatur
584 3547 690 3634 autem
699 3562 751 3610 res
763 3563 800 3610 eo
809 3539 893 3627 quod
909 3563 974 3609 uon
984 3544 1275 3627 antiquissimorum
1286 3551 1395 3612 autum

235 3614 240 3621 ¹
286 3641 418 3725 linguae
439 3657 575 3723 graecae
597 3645 775 3725 temporum
797 3641 856 3706 luit
878 3641 936 3706 illa
957 3641 1150 3723 attenuatio,
1180 3641 1237 3708 sed
1259 3636 1394 3726 posterio-

172 3793 173 3797 ,
286 3757 355 3802 rum
378 3755 520 3820 quoque;
550 3737 590 3802 ei.
611 3737 829 3822 τανθορίζειν
857 3735 1024 3824 (Gramm.‚
1050 3738 1283 3824 τανθαροστὸς
1303 3737 1393 3802 Theo·

357 3953 389 4020 ¹²)
407 3952 513 4008 Similia
530 3953 661 4010 dialeotua
674 3954 833 4010 x'l'zaconica
849 3959 1020 4024 (neugraeca)
1037 3957 1163 4026 praebet:
1181 3955 1325 4028 μοοντολὶο
1339 3951 1354 4004 'a
1370 3964 1389 4002 a
1471 3951 1472 3968 ¹

289 4032 428 4108 μορτολίς,
447 4029 541 4101 imre
557 4034 574 4088 l.
593 4050 616 4088 e.
634 4031 747 4106 ἕρνατος
762 4036 829 4103 (KZ.
850 4041 889 4102 18,
911 4042 966 4092 136.
984 4040 1036 4104 il).
1181 4053 1186 4060 ·
