2958 4868
467 426 509 482 De
520 426 639 486 ,diectasl
656 427 800 482 homerica.
1134 419 1190 483 175

156 601 274 666 Nostro
296 599 393 682 igitur
409 598 484 682 jure
505 598 726 665 contendimus
748 597 922 664 infinitivos
946 599 980 664 in
1002 621 1082 662 -ααν
1106 596 1192 663 Ourti

75 697 251 764 sententiae
278 717 383 780 neque
411 697 519 764 lavere
547 715 652 779 neque
686 697 829 776 obstare,
866 701 962 778 atquc
990 696 1109 780 optime
1138 715 1193 762 cos

74 795 137 861 sola
162 795 403 862 assimulatione
425 814 465 861 ex
488 795 563 860 -ᾰεν
586 793 660 860 oriri
683 795 835 877 potuisse.

338 1034 393 1098 De
416 1009 555 1099 formis
577 1034 615 1098 in
638 1055 759 1098 -οωντ-
783 1039 814 1099 et
836 1057 927 1118 -οῳ-.

155 1185 277 1252 Harum
299 1185 468 1250 formarum
492 1179 671 1270 (ὁρόωντα,
696 1180 835 1271 ὁρόῳτε)
863 1184 1035 1267 scriptura,
1070 1190 1105 1248 ut
1122 1183 1190 1267 jam

74 1285 151 1364 dixi,
189 1305 254 1350 non
276 1283 388 1350 nititur
409 1284 443 1348 in
464 1283 557 1349 metri
578 1281 783 1363 necessitate,
818 1282 876 1349 scd
898 1283 967 1348 sola
995 1281 1028 1345 in
1057 1281 1192 1347 auotori-
1266 1279 1271 1296 ‘

73 1387 132 1449 tate
164 1388 318 1448 veterum.
353 1380 433 1460 Qua
462 1379 629 1446 decanea
657 1381 722 1446 Leo
750 1379 899 1465 Meyerus
927 1400 993 1445 non
1022 1377 1189 1464 dubitavit,

73 1501 123 1562 pro
155 1479 202 1546 eis
224 1479 341 1544 formas
368 1478 401 1543 in
429 1499 551 1555 eoum,
580 1501 670 1544 -οοι-
697 1479 844 1546 scribere.
889 1478 982 1544 Ratio
1010 1497 1097 1560 vero,
1127 1495 1190 1560 qua

73 1578 151 1643 hanc
188 1577 377 1660 scripturam
414 1574 639 1641 commendare
680 1575 796 1659 voluit,
841 1597 861 1642 a
898 1575 1089 1653 Dietrichio
1110 1574 1191 1642 reiu-

12 1691 17 1708 ³
73 1682 134 1741 tata
161 1679 220 1741 est.

9 1853 10 1856 Ἴ
152 1775 278 1838 Tamen
300 1772 367 1838 alia
389 1771 523 1838 fortasse
545 1772 669 1837 ratione
690 1769 827 1854 probare
849 1770 1040 1855 poterimus,
1073 1770 1191 1846 formas

72 1871 102 1936 in
122 1894 236 1935 -οοντ-
258 1876 290 1935 et
311 1893 400 1934 -οοι-
421 1889 487 1934 non
509 1876 574 1933 tam
596 1867 721 1933 alienas
735 1885 807 1934 esse
821 1868 862 1932 ab
885 1867 996 1934 horum
1019 1869 1189 1934 verborum

73 1968 202 2034 historia
223 1987 319 2050 quam
341 1967 460 2051 putarit
481 1965 686 2032 Dietrichius.
722 1966 754 2031 Is
776 1966 908 2048 monuit,
931 1965 1065 2032 termam
1088 1962 1190 2050 *dpe-

74 2089 148 2130 οντα
170 2063 352 2132 necessario
375 2065 533 2130 abituram
555 2063 653 2128 luisse
674 2063 708 2126 in
737 2057 904 2146 *ὃρουντα
932 2081 1036 2145 neque
1057 2083 1134 2130 vero
1155 2063 1189 2130 in

74 2158 214 2247 ὁρῶντα,
244 2182 326 2244 quac
350 2183 390 2228 ex
413 2155 564 2246 ὁρόωντα
587 2167 712 2226 tantum
735 2160 809 2227 oriri
831 2159 997 2244 potuisset.
1041 2160 1107 2226 Sed
1129 2161 1190 2226 hac

73 2261 163 2327 inre
191 2260 341 2326 assentiri
369 2279 433 2324 non
462 2279 591 2343 possum
620 2258 690 2324 viro
719 2257 913 2324 doctissimo.
957 2259 1076 2340 Magna
1104 2259 1188 2324 enim

74 2364 117 2424 est
149 2357 330 2422 differentia
362 2358 444 2423 inter
478 2379 515 2422 eo
545 2376 639 2422 veras
673 2355 887 2438 pristinasque
918 2362 1014 2438 atque
1050 2375 1105 2422 eas
1137 2380 1187 2437 oo,

9 2523 10 2526 ,
74 2473 150 2536 qnae
171 2455 413 2521 assimulatione
436 2474 476 2521 cx
499 2477 539 2519 oo
563 2453 632 2520 sive
654 2475 695 2517 oo
716 2452 821 2517 iactae
843 2453 916 2518 sint.
958 2453 1041 2519 Illae
1063 2473 1189 2537 semper

11 2631 12 2638 ἵ
73 2553 103 2616 in
125 2576 161 2616 ov
184 2552 422 2630 contrahuntur,
450 2553 512 2617 lrae
535 2569 662 2634 semper
683 2550 716 2615 in
740 2572 777 2613 ω.
822 2549 906 2628 Quid
933 2549 1003 2616 ita?
1046 2550 1081 2616 Si
1103 2557 1189 2618 reete

73 2650 205 2732 positum
221 2657 278 2728 est,
301 2657 336 2716 ut
351 2657 399 2716 est
417 2651 487 2716 sine
504 2648 610 2730 dubio,
633 2646 883 2712 contractionem
905 2647 1073 2730 imparium
1096 2668 1188 2714 voca-

73 2746 144 2812 lium
166 2747 407 2813 assimulatione
429 2749 631 2831 praeparari,
656 2762 695 2809 ea
716 2751 839 2810 tantum
862 2743 986 2810 ratione
1008 2763 1049 2812 ex
1071 2769 1112 2809 oo
1134 2747 1188 2812 vel

75 2866 113 2906 oo
133 2869 157 2908 ω
180 2843 248 2912 fieri
270 2852 384 2928 potest,
407 2853 442 2910 ut
463 2843 705 2912 assimulatione
728 2848 818 2922 ortae
839 2865 877 2906 oo
900 2843 933 2907 in
949 2865 975 2906 ω
997 2843 1188 2921 contrahan-

9 2999 10 3004 ,
74 2949 126 3007 tur.
170 2941 262 3022 Quod
291 2943 318 3008 si
349 2964 414 3008 non
442 2941 547 3024 fieret,
584 2965 625 3005 uo
649 2947 681 3006 et
703 2963 745 3004 oo
774 2959 840 3004 non
867 2940 901 3005 in
925 2963 967 3022 ω,
1005 2940 1063 3006 sed
1089 2941 1123 3006 in
1146 2965 1184 3006 ou

74 3041 290 3107 coalescerent.

152 3138 216 3206 Sed
249 3137 398 3221 exemplo
430 3145 511 3202 utar.
557 3135 650 3202 Vocis
681 3134 798 3200 πειθώ
832 3135 1032 3201 aecusativus
1062 3134 1186 3218 integer

75 3243 159 3300 sonat
181 3239 345 3314 *asidona
369 3255 463 3318 equo
485 3236 621 3318 primum
637 3233 879 3300 assimulatione
901 3231 1052 3298 *πειθοο
1068 3231 1185 3298 iactum

75 3350 138 3400 esse
159 3335 376 3400 existimemus
397 3351 530 3398 necesse
552 3339 610 3410 est,
633 3339 667 3397 ut
689 3349 729 3398 ox
751 3323 893 3414 ὁράοντο
917 3325 1095 3414 *ripensem
1118 3337 1184 3396 tum

76 3434 216 3496 *πειθοο
248 3429 446 3497 contrahitur
473 3429 507 3494 in
534 3426 666 3496 πειθώε
703 3448 774 3494 cum
798 3449 816 3494 e
838 3428 995 3494 contrario
1016 3428 1185 3510 genetivus

76 3523 244 3608 *sardeon
275 3527 365 3611 cujus
387 3534 523 3608 utraque
545 3546 662 3592 onera
684 3533 717 3592 et
737 3525 873 3609 pristina
895 3525 951 3603 sit,
981 3525 1014 3589 in
1036 3528 1184 3603 πειθοῦς

76 3625 232 3692 coalescat.
270 3626 383 3708 Neque
405 3643 481 3690 vero
505 3629 611 3689 exstat
632 3624 732 3688 ullum
755 3623 947 3706 exemplum,
971 3641 1032 3704 quo
1055 3622 1185 3689 demon·

77 3723 181 3787 stratur
202 3747 240 3788 oo
265 3743 305 3789 ex
328 3747 369 3787 αο
392 3723 444 3788 vel
467 3745 508 3786 oa
532 3727 617 3786 ortas
639 3721 672 3785 in
695 3745 733 3784 oo
757 3719 910 3786 contrahi.

153 3819 248 3905 Cujus
271 3821 319 3886 rei
341 3837 423 3902 quae
446 3815 486 3884 sit
508 3818 589 3884 ratio
611 3817 799 3883 facillimum
822 3825 871 3884 est
892 3817 1067 3884 intellectu.
1102 3841 1140 3884 oo
1156 3817 1183 3884 si

78 3919 199 4000 unaque
221 3925 270 3985 est
284 3937 362 3985 uera
377 3924 409 3983 et
430 3916 574 4000 pristina,
597 3916 630 3980 in
646 3915 734 3998 Iade,
757 3915 898 3997 Atthide,
924 3915 1044 3982 Doride
1058 3916 1193 4000 mitiore·

78 4008 109 4073 in
128 4035 160 4077 oo
183 4015 377 4098 coalescunt,
413 4014 487 4097 quia
515 4019 649 4096 utraque
676 4014 709 4078 in
739 4013 803 4080 illis
826 4013 971 4080 dialectis
999 4013 1086 4080 lusco
1109 4034 1183 4097 quo·
