2972 4868
447 445 480 500 de
498 442 711 512 reduplicatioue
729 460 834 512 graeca.
932 447 935 458 '
1147 439 1209 503 307

98 615 253 682 voeabula
280 623 387 682 autem
424 636 507 698 quae
535 616 620 682 hune
648 615 682 681 in
710 615 841 682 mudum
870 616 1006 682 formata
1032 623 1106 682 sunt
1130 616 1211 683 haee

98 719 210 779 extant.

175 809 440 889 δαί-ὁαλ-ος,
470 811 600 892 artifex,
631 812 668 876 R.
694 810 755 874 dat
776 809 908 893 findere,
938 811 977 876 el.
999 819 1063 893 got.
1085 812 1211 893 pez-titt

97 913 192 991 aptus.
237 907 332 974 Unde
356 906 561 986 δαιδάλιεος,
587 906 800 974 daedali-lu.

174 1003 533 1072 (λοι-δάσσασθαι·
557 1003 721 1072 ἕλκεσθαι
737 1013 769 1071 et
785 1003 1097 1071 ὄαδάσσεσθαι·
1117 1004 1210 1071 ἐλκε-

96 1107 184 1166 σθαι.
208 1101 469 1186 σπαράττεσθαι
504 1103 579 1170 Hes·
607 1103 650 1168 ad
674 1102 791 1184 δοῖδυξ
812 1104 909 1169 refert
938 1105 975 1169 E.
999 1104 1040 1168 Μ.
1069 1111 1101 1168 et
1128 1104 1209 1168 falso

94 1199 312 1283 interpretatus
334 1207 383 1266 est
399 1199 452 1264 pi
467 1204 517 1266 95.
533 1235 575 1246 -
590 1201 662 1267 ent.
679 1201 801 1263 tint-an
822 1207 909 1268 reete
930 1201 1066 1267 fortasse
1088 1200 1210 1266 confert
1287 1262 1295 1282 .

94 1298 228 1363 Rosuher
239 1297 393 1380 Stule,
405 1297 659 1364 llll-Primae
671 1298 819 1382 syllabae
831 1299 953 1364 vocalis
969 1306 1017 1364 est
1028 1298 1209 1381 singularis.

173 1395 346 1476 ὁοῑ-δυξ
359 1396 380 1460 i.
396 1416 426 1478 q.
450 1392 668 1478 ἁλετρίβανος
689 1395 776 1461 unde
798 1404 900 1461 ortum
923 1396 1051 1462 sitnon
1073 1401 1208 1460 eoustat.

94 1488 361 1571 άναδοιόυκάζειν
386 1490 470 1576 (eod.
486 1491 669 1575 -tstota-t·
693 1489 939 1578 άναταράσσειν
963 1493 1048 1569 Hes„
1072 1490 1210 1558 άναόοι-

95 1587 250 1668 δυκίζειν·
285 1585 502 1675 ὀρχήσασθαι
524 1584 723 1675 ἀσχημόνως
744 1590 798 1672 id„
827 1585 1094 1668 άναδοιὸυκίζει·
1128 1586 1210 1654 ἀνα-

93 1684 244 1770 ταράττει
266 1687 303 1752 Ε.
328 1687 368 1752 Μ.

173 1782 461 1850 κοι-κύλ-λειν
483 1785 504 1848 i.
527 1804 556 1866 q.
579 1783 815 1867 περιβλέπεινε
838 1783 921 1849 κῦλα
944 1783 1006 1870 γὰρ
1029 1783 1070 1849 τά
1093 1783 1209 1851 ἐπάνω

92 1886 152 1946 τιῦν
181 1878 373 1967 ὀφθαλμῶν
402 1882 477 1947 Hes.
501 1902 526 1947 s.
549 1901 589 1963 v.‚
628 1881 666 1947 ef.
697 1879 793 1959 κάλα,
824 1879 957 1961 κύλλια,
987 1881 1147 1965 κύλλαβοι
1169 1915 1211 1936 ===

93 1974 244 2058 ὑπώπια,
279 1977 396 2044 κύλλα·
436 1977 514 2057 τοὺς
544 1976 748 2066 ὀφθαλμορς
779 1979 823 2045 id.
868 1981 964 2048 Unde
987 1981 1209 2048 Κοι-κυλ-ἰων

93 2077 128 2142 N.
149 2099 195 2162 pr.
1180 2151 1185 2174 „

171 2173 470 2254 λαι-λαχιίς(’ἐλ;
507 2173 545 2237 el.
569 2173 644 2239 Hes
667 2173 863 2256 λαλαμίς·
886 2174 1024 2260 λαῖλαψ.
1054 2175 1129 2244 ἀντὶ
1150 2187 1210 2244 τοῦ

92 2269 228 2353 λαλαμίς
252 2271 450 2352 λαιλαμές
473 2268 672 2354 γράφουσιν.

171 2366 465 2449 λαι-λάξαιλῗγ·
498 2365 559 2453 τὴν
580 2367 735 2451 γλιῦσσαν
758 2365 894 2447 ἐξελεῖν.
924 2405 965 2416 -
993 2371 1209 2453 λα-λάξαι·

91 2464 146 2552 τὴν
167 2468 323 2551 γλῶσσαν
346 2464 472 2547 ἐξελεῖν
494 2467 569 2531 Hes

92 2615 95 2621 .
170 2561 471 2644 lut-ldx-wl‘lt·
506 2561 545 2625 τὸ
574 2567 680 2647 ψυφιῦ
702 2562 815 2627 Zouar.
838 2571 873 2628 ut
900 2561 1017 2645 ἰ-άχ-ιν
1040 2566 1209 2633 formatum

90 2662 211 2729 videtur
233 2660 454 2727 Hainebaehio
476 2682 506 2744 p.
531 2665 559 2724 4.
582 2695 624 2705 -
648 2657 830 2744 (tan-atel)
1052 2653 1056 2664 ’
1294 2747 1297 2754 Ι

171 2757 503 2834 λαι-λάπ-ε-τος
533 2758 643 2839 (Hes),
666 2756 813 2839 λαῑ·λαψ
834 2757 870 2822 L.
894 2758 1004 2843 Meyer
1026 2761 1058 2842 Ι,
1082 2765 1152 2827 423·
1166 2762 1209 2828 ad

91 2857 142 2922 lat.
164 2859 269 2941 rap-io
292 2863 431 2938 revocat,
453 2857 555 2920 itaut
577 2855 618 2920 sit
639 2849 762 2934 ἀνέμου
780 2855 964 2943 συστροφη,
988 2858 1074 2940 quod
1096 2859 1210 2926 suadet

92 2955 181 3020 Arist.
204 2952 315 3018 mund.
339 2959 368 3034 4,
394 2957 443 3034 15,
466 2973 531 3018 non
552 2959 658 3017 autem
682 2948 803 3038 ἐρεμνή
824 2952 959 3037 κελαινή
982 2956 1125 3038 epitheta
1147 2957 1209 3020 Ho-

90 3053 212 3116 merica.
258 3047 403 3134 Λαβρός
425 3050 487 3114 hue
509 3048 627 3114 referre
656 3045 750 3130 (Lob.
774 3049 822 3114 ul.
845 3051 870 3132 Ι,
898 3047 970 3136 167)
1001 3054 1054 3118 vel
1076 3053 1208 3135 λαβ-εῑν

91 3145 188 3230 (Geel.
211 3145 267 3232 65)
291 3149 403 3214 vetant
424 3144 661 3222 λαι-λάπ-ετος
684 3153 716 3211 et
738 3166 831 3212 casus
852 3147 983 3230 obliqui.

171 3243 390 3328 μαι-μά-ιο
420 3251 468 3312 est
491 3245 560 3328 ejus
583 3243 702 3308 raditis
723 3268 770 3324 μα
799 3242 975 3326 (μα’-ο-μαι
998 3251 1207 3328 μα-λ-ο·μαι)

92 3345 179 3428 eujus
215 3347 339 3426 μέμαο,
377 3343 427 3408 eui
463 3341 637 3425 duplicatio
674 3341 810 3407 similem
846 3343 911 3407 vim
948 3342 1082 3408 addidit.
1130 3368 1209 3426 μαι-

91 3438 220 3521 μά-εντι
245 3437 401 3524 (-οντιλ)·
428 3437 572 3522 ἐνεργῶς
594 3444 788 3525 κινουμένῳ,
810 3442 989 3521 μαῖ-μα-ξ·
1011 3439 1208 3528 ταραχώδης

91 3537 173 3620 Hes,
197 3535 457 3623 Μαι-μά-κ-της
479 3537 565 3602 Iovis
587 3557 781 3620 cognomen,
812 3535 1144 3624 Μαι-μα-κ-τηριιόν.
1166 3573 1209 3586 -

92 3629 318 3718 ἀμαιμάκειος
354 3634 440 3700 unde
468 3655 539 3700 eam
572 3656 666 3717 quam
696 3634 825 3701 exhibet
858 3633 1121 3716 significationem
1159 3655 1209 3702 ae·

92 3733 209 3815 ceperit
231 3769 273 3778 —
295 3733 320 3797 si
344 3733 474 3796 omnino
496 3732 591 3815 hujus
613 3731 730 3797 radicis
752 3738 801 3796 est
822 3765 863 3776 -
886 3731 1003 3796 neseio.

172 3829 461 3911 μοι-βάλλειν·
484 3828 656 3917 θηλάζειν,
680 3827 822 3905 ἐσθίειν,
844 3829 899 3893 καὶ
921 3827 963 3892 τὰ
984 3829 1077 3916 χείλη
1101 3851 1209 3915 προσ-

92 3923 208 3992 άπτειν
230 3923 387 4012 ἀλληλοις
408 3928 483 3993 Hes.
508 3925 563 4011 (τὰ
584 3925 646 4010 γὰρ
668 3927 761 4012 χείλη
783 3923 889 4006 μάλλα
915 3925 1208 4011 προσαγορεύουσι

92 4021 195 4108 Phot.)
217 4023 397 4090 Meinekius
411 4023 605 4108 Hipponacti
621 4024 757 4089 restituit
771 4023 1040 4107 opportunissime
1061 4025 1098 4090 ir.
1115 4027 1154 4090 80
1171 4026 1207 4089 B.
