2972 4868
275 413 338 476 350
784 415 901 472 Worner

275 584 295 674 6
320 583 479 665 ἀνόπαια,
503 584 550 665 ὡς
572 585 685 675 ,φήνῃ
710 586 868 676 εἰδομένη
877 593 901 653 “.
938 586 1024 654 ἔνιοι
1048 587 1084 654 δὲ
1108 583 1173 652 ἀνὰ
1194 585 1272 664 τοὺς
1293 572 1391 666 ὦπας,

274 682 295 750 6‘
325 684 398 752 ἐστι
426 683 506 762 τοὺς
529 682 733 772 ὀφθαλμούς
760 687 801 752 Η.
822 687 861 752 V.
897 681 1039 764 ’Ἀλλως
1077 683 1110 752 06
1138 686 1200 768 μέν
1229 681 1302 750 ἀντὶ
1323 691 1390 750 τοῦ·

272 789 402 865 ταχέως
426 779 610 902 ὥρμησεν·
622 781 695 850 ἔστι
718 782 781 869 γάρ
805 778 898 862 εἶδος
915 780 1043 869 ὀρνέου.
1068 783 1102 848 06
1125 783 1161 850 66
1185 784 1393 899 προπαροξυ-

273 879 381 958 τόνως
404 877 479 945 ἀντὶ
500 886 560 945 τοῦ
591 877 755 964 ἀοράτως.
795 881 828 946 οἱ
860 880 896 946 δὲ
921 877 995 946 ἀντὶ
1018 887 1078 946 τοῦ
1101 877 1171 945 ἀπὸ
1192 886 1253 999 της
1276 905 1393 946 κατενο-

273 977 375 1061 δόχου
395 975 713 1063 (wahrsoheinlioh'
693 976 757 1044 ανά
763 978 833 1096 την
849 975 1119 1064 καπνοδόχον)“
1098 1003 1139 1066 ην
1155 976 1245 1065 ὀπὴν
1267 979 1394 1062 λέγουσι
1477 1053 1478 1062 ¹

276 1077 448 1154 (Dwnelff
438 1099 523 1142 ενιοι
537 1072 646 1142 δέανα
658 1101 736 1154 τοις
750 1064 935 1161 ωπας)
890 1099 993 1142 στι
1006 1100 1085 1154 τους
1099 1073 1394 1162 οφθαλμουςΕΩ
1477 1121 1478 1124 =

360 1173 394 1259 2)
360 1174 629 1240 2Eustathius.

352 1269 426 1338 Ὅτι
449 1269 537 1338 έν
500 1278 564 1357 τῷ·
588 1269 680 1357 ὀρνις
699 1267 746 1349 69
761 1267 911 1336 ἀνόπαια
935 1271 1096 1337 διέπτατο
1118 1269 1258 1348 Παλλάς
1271 1267 1359 1336 Αθι
1349 1295 1394 1356 νη
1477 1273 1478 1344 J

272 1376 313 1440 τὸ
343 1369 448 1457 μέν’
436 1366 529 1454 όρνις
559 1367 672 1434 κοινόν
701 1367 793 1435 ἔστιν
817 1366 923 1452 ὄνομα
945 1418 1080 1436 .....
1120 1367 1167 1431 Τὸ
1192 1364 1274 1434 δὲ’
1252 1366 1397 1434 ανόπαια
1477 1387 1478 1440 j

274 1468 368 1550 εἶδός
396 1492 486 1546 τινες
515 1464 633 1552 ὀρνέου
662 1467 817 1551 λέγουσιν
840 1464 1009 1544 ἀετώδους
1033 1464 1123 1554 φήνῃ
1147 1464 1314 1544 ἐοικότος.
1347 1468 1397 1532 καὶ

273 1567 293 1635 6
323 1572 501 1655 προσεχιῦς
535 1565 570 1631 δέ
607 1563 785 1651 εἰρημένος
816 1563 1022 1682 μεταβρλεύς
1051 1569 1283 1681 t[16610666669
1318 1561 1396 1630 οότω
1477 1579 1478 1638 ῑ

271 1667 334 1754 τὴν
357 1668 446 1746 λέξιν
469 1674 556 1742 νοεῖ,
584 1660 817 1749 παραφράσας
840 1658 933 1726 δτι
915 1658 1020 1748 ι’ἰχετο
1043 1658 1066 1782 6
1085 1659 1218 1748 Ἀθηνᾶ
1242 1660 1305 1726 δόο
1328 1659 1397 1726 666-

272 1788 347 1841 τοις
385 1760 437 1828 ὅτι
471 1751 511 1846 ἦν
548 1759 633 1837 θεὸς
668 1757 846 1880 σημηνασα
881 1765 929 1845 τῷ
961 1784 997 1825 τε
1034 1757 1084 1880 ρῖς
1119 1755 1245 1844 ὀρνιθα
1282 1759 1396 1845 ἑαυτὴν

272 1861 517 1944 μεταβαλοῦσα
539 1857 614 1940 έαίξ
577 1873 702 1946 αφνης
732 1854 970 1944 ἀφανισθῆναι
992 1858 1048 1922 καὶ
1071 1858 1117 1943 τῷ
1140 1852 1338 1942 θάρσους
1320 1882 1399 1922 υπο-

274 1960 475 2045 πλησθῆναι
496 1954 554 2020 τὸν
573 1956 779 2043 Τηλέμαχον.
813 1953 847 2020 ολ
871 1954 908 2019 δέ
930 1976 1036 2040 φασιν
1060 1951 1113 2019 ότι
1137 1953 1345 2020 διέπτατο’
1326 1954 1382 2020 ανό

273 2079 361 2120 παια
384 2052 487 2170 ἤγουν
517 2050 581 2118 ἀνά
609 2052 669 2139 τὴν
700 2050 789 2140 ὀπὴν
820 2051 879 2138 τὴν
907 2050 943 2120 έν
971 2058 1065 2138 μέσῳ
1087 2058 1149 2138 τῆς
1178 2049 1344 2172 ὀροφῆς,

273 2153 331 2218 καὶ
360 2149 491 2239 κάπνην
520 2153 576 2217 καλ
606 2149 823 2273 καπνοδόκην
852 2147 1002 2217 ἐκάλουν.
1051 2144 1074 2234 6
1102 2147 1160 2214 διὰ
1184 2155 1248 2235 τῆς
1278 2080 1399 2227 ὀπαίάς

273 2251 363 2344 φασλ
385 2249 578 2368 κεραμίδος
613 2248 686 2314 ἔστι
708 2245 804 2314 66‘
768 2245 850 2334 αότη
875 2242 894 2334 6
918 2246 979 2335 τὴν
1002 2245 1134 2334 κάπνην
1157 2246 1288 2333 φασλ”
1269 2270 1397 2330 εχουσα.

273 2347 307 2412 06
331 2335 368 2414 66
391 2345 429 2412 τό
457 2343 614 2412 ἀνόπαια
634 2347 788 2430 λέγουσιν
817 2342 893 2410 ἀντὶ
920 2351 980 2409 τοῦ
1008 2341 1158 2464 ὀφανης,
1192 2342 1315 2430 πόρρω
1342 2351 1398 2432 τῆς

204 2469 207 2487 ·
273 2441 402 2529 ὅψεως.
440 2443 535 2510 δοκεῖ
558 2443 595 2509 δέ
618 2466 688 2509 τισι
711 2445 768 2508 καλ
791 2440 865 2508 ἀντὶ
887 2449 947 2508 τοῦ
970 2439 1149 2530 ἀνωφερὴς
1175 2435 1316 2508 εἶναι”
1287 2467 1398 2560 μιρμη-

271 2548 389 2625 μένοις
418 2539 455 2608 ἐκ
483 2548 550 2606 τῶν
570 2539 834 2623 Ἐμπεδοκλέους
863 2538 1021 2617 εἰπόντος
1044 2537 1104 2607 έπλ
1126 2539 1237 2626 πυρὸς
1258 2540 1299 2604 τὸ
1322 2563 1381 2623 καρ

274 2641 430 2722 παλίμως
467 2636 502 2704 δ’
532 2635 709 2704 ἀνόπαιον.
752 2637 791 2718 ἐξ
818 2626 857 2704 06
893 2637 1010 2724 δῆλον,
1048 2634 1101 2702 ὅτι
1129 2639 1186 2702 καλ
1219 2633 1396 2720 οὐδετέρου

272 2743 391 2822 γένους
414 2735 486 2804 έστλ
509 2735 548 2801 τό
578 2733 754 2802 ἀνόπαιον.
793 2735 847 2800 διδ
876 2737 931 2802 καλ
950 2731 1157 2820 Ἡρωδιανὸς
1184 2733 1224 2799 τὸ
1250 2731 1398 2800 ἀνόπαια

215 2881 218 2888 ι
272 2837 328 2900 καλ
357 2831 535 2918 οὐδέτερον
565 2829 638 2899 οἶδε
665 2832 924 2954 πληθυντικὸν
929 2834 987 2898 καὶ
1014 2833 1241 2918 προπερισπᾷ
1268 2833 1328 2897 καὶ
1356 2827 1398 2947 69

272 2928 333 3000 ὀπί
321 2933 444 3019 έῤῥημα
466 2925 674 3014 λαμβάνει
653 2932 729 2996 αντὶ
752 2936 811 2994 τοῦ
840 2927 1004 3050 ἀρράτως.
1041 2927 1203 3013 καθάπερ
1226 2927 1265 2994 τό
1289 2929 1398 2995 πυκνὰ

271 3023 347 3096 ἀντὶ
368 3035 428 3094 τοῦ
450 3035 596 3105 πυκνῶς,
620 3029 677 3094 καὶ
699 3023 820 3092 καλά’
800 3029 875 3092 αντὶ
897 3035 956 3093 τοῦ
979 3028 1099 3105 καλῶς.
1122 3025 1250 3114 νοήσας
1272 3025 1398 3104 ἐκεῖνος

214 3211 216 3216 Ι
271 3126 311 3193 τὸ
340 3131 493 3191 τοιοῦτον
521 3123 671 3192 ἀνόπαια
701 3121 739 3190 οό
767 3123 853 3208 μετά
881 3132 942 3212 τῆς
970 3121 1034 3190 ἀνά
1056 3129 1278 3242 προθέσεως,
1316 3121 1399 3189 ἀλλὰ

273 3230 432 3312 στέρησιν
460 3230 519 3289 τοῦ
549 3219 789 3288 ὀπταίνεσθαι.
834 3219 954 3289 Ἰστέον
985 3217 1096 3301 66,‘'
1076 3247 1129 3287 οτι
1162 3246 1199 3287 τε
1231 3219 1339 3297 καλ”
1319 3245 1398 3307 ορος

270 3319 422 3388 ἀνόπαια
445 3319 530 3386 κατὰ
549 3315 740 3404 Ἡρόδοτον,
763 3320 819 3384 καὶ
841 3315 994 3404 ἀτραπός
1017 3319 1053 3385 δέ
1076 3315 1227 3384 ἀνόπαια
1242 3320 1323 3405 περὶ
1337 3318 1397 3404 τὴν

272 3417 435 3505 Λοκρίδα
457 3424 519 3504 μην
542 3419 598 3484 καλ
621 3415 682 3505 τὴν
704 3423 771 3482 τῶν
793 3417 974 3504 Μηλιέων,
1008 3417 1065 3482 καὶ
1087 3411 1134 3494 69
1156 3413 1195 3482 οδ
1218 3413 1321 3498 μόνον
1344 3415 1397 3482 έν-

269 3523 384 3583 ταόθα
407 3512 425 3580 6
448 3519 561 3598 μῦθος
590 3510 674 3581 ἀλλὰ
702 3515 872 3596 πολλαχοῦ
897 3513 940 3578 τά
967 3519 1051 3580 θεῖα
1072 3511 1244 3597 πρόσωπα
1265 3509 1395 3597 ὀρνέοις

269 3612 451 3695 ἀπεικάζει
473 3611 509 3680 έν
530 3624 605 3690 ταῖς
627 3616 743 3689 θείαις
766 3610 966 3698 έναργείαις.
997 3606 1089 3697 καλή
1113 3609 1206 3676 αἰτία
1228 3609 1264 3678 ἐν
1285 3607 1394 3676 Ἰλιάδι

269 3717 467 3798 γέγραπται.

338 3949 359 4014 ⁶)
382 3938 438 3998 ἀνὰ
460 3945 523 4003 τοὺς
545 3939 631 4001 ἰὼ·
614 3946 676 3999 αντὶ
701 3949 749 4000 τοῦ
773 3961 825 4001 von
842 3943 961 4000 Dindorf
981 3929 1052 4000 6866
1076 3944 1136 4000 dem
1157 3941 1393 4014 vomusgehenden

269 4025 397 4082 Scholion
416 4026 540 4095 corrigirt
562 4025 708 4094 (vielleicht
725 4019 788 4080 ἀντὶ
806 4029 866 4080 τοῦ·
887 4018 942 4080 ἀνὰ
960 4023 1024 4084 τοὺς
1041 4012 1136 4093 διας)
1252 4037 1254 4042 ·

1477 1807 1478 1890 6

1367 2049 1380 2070 u

1362 2078 1398 2138 ηδ
